2452 3445
902 214 1069 265 nesam
1407 231 1453 270 ,ὃ
1468 230 1494 268 3
1530 227 1577 260 ‚r

914 283 965 325 uf
987 276 1071 321 ΪΗΕ
1142 332 1147 339 ι

732 342 968 392 υιϋνεκειῖν
1001 337 1046 377 Of
1080 335 1251 375 ite-wia

328 672 472 724 Num
508 648 573 721 acl
610 666 886 721 veritatem
924 665 1147 720 Tacitus
1184 665 1239 717 in
1273 666 1412 718 Ann.
1442 667 1483 717 Ι.
1526 674 1580 717 et
1612 666 1680 717 ΙΙ.
1719 664 1946 717 narrarit
1981 666 2046 717 (le

277 832 432 962 „04
480 869 601 911 3,.
660 770 1581 970 33333333333332
1604 790 2005 906 33333

1075 909 1315 987 -A-fa-
2002 980 2043 987 ..,
2056 946 2404 985 Μ

1571 1000 1579 1002 -
1595 978 1975 1007 ,'',„-0.,1W2W

213 1127 337 1201 bunt
378 1161 413 1200 in
452 1160 719 1201 recentioribus
765 1171 885 1200 rerum
920 1159 1220 1201 Germanicarum
1253 1157 1524 1211 scriptoribus,
1571 1158 1634 1211 qui
1671 1157 1795 1197 Taciti
1834 1156 1941 1197 fidem
1979 1159 2015 1198 in
2052 1161 2161 1201 rebus

214 1223 445 1262 Germanicis
473 1236 545 1263 non
580 1226 649 1263 ita-
672 1225 857 1272 insignem
885 1235 1070 1274 apparere
1102 1225 1349 1262 arbitrentur:
1386 1234 1456 1261 nec
1484 1224 1635 1271 iniuria,
1674 1222 1783 1259 modo
1820 1233 1867 1259 ne
1895 1223 1992 1259 inani
2017 1226 2161 1272 patriae

215 1298 340 1326 amore
376 1287 520 1338 abrepti
556 1300 631 1326 rem
672 1288 829 1338 patriam
863 1287 969 1325 ninris
1005 1298 1192 1326 exornare
1225 1276 1536 1326 studeaiit‘neve
1571 1287 1771 1335 misceant,
1811 1296 1906 1336 quae
1934 1284 2090 1325 Tacitus
2126 1289 2161 1326 in

213 1349 420 1389 Annalibus
445 1352 491 1390 de
522 1353 633 1390 rebus
662 1352 892 1391 Germanicis
920 1351 1077 1390 tradidit
1105 1353 1146 1390 et
1175 1362 1269 1401 quae
1296 1352 1361 1389 aut
1384 1351 1421 1388 in
1445 1350 1622 1389 Historiis
1653 1349 1698 1387 de
1729 1348 1832 1387 bello
1861 1348 2009 1388 Batavo
2038 1354 2103 1390 aut
2127 1353 2162 1389 in

212 1414 340 1452 libello
373 1428 456 1454 sum
475 1417 678 1465 separatim
717 1416 942 1465 conscripsit
971 1415 1018 1453 de
1046 1415 1226 1453 universa
1256 1414 1467 1453 Germania.
1530 1414 1700 1452 Obscura
1726 1412 1906 1451 interdum
1935 1415 2042 1452 etiam
2070 1415 2163 1455 hacc

214 1479 439 1530 veritatique
468 1491 595 1529 parum
631 1481 903 1518 consentanea:
934 1480 975 1518 at
1007 1478 1122 1517 multo
1147 1479 1272 1527 magis
1308 1480 1348 1517 et
1382 1489 1404 1516 a
1432 1478 1703 1528 perspicuitate
1730 1477 1770 1514 et
1797 1489 1820 1515 a
1848 1476 2011 1516 veritate
2041 1479 2163 1519 aliena

212 1541 277 1581 illa
302 1540 519 1595 plerumque
543 1543 780 1582 videbuntur.
833 1542 894 1581 De
923 1542 1101 1581 universa
1126 1552 1168 1581 re
1195 1542 1257 1594 qui
1280 1541 1500 1590 diligentius
1528 1550 1708 1592 quaerere
1735 1539 1949 1590 voluerint,
1973 1551 2044 1579 non
2068 1543 2162 1582 satis

212 1605 402 1644 habebunt
430 1608 649 1657 quaesisse,
685 1608 819 1657 quibus
856 1608 893 1643 in
925 1606 1096 1655 partibus
1134 1617 1288 1656 operum
1316 1605 1474 1643 Tacitus
1510 1605 1703 1643 uberiores
1727 1608 1768 1643 et
1794 1605 1966 1654 puriores
1994 1604 2164 1645 babuerit

212 1668 359 1717 fontes,
393 1669 462 1707 sed
496 1670 627 1720 etiam,
664 1681 740 1721 quo
778 1671 819 1708 et
852 1669 997 1719 imperii
1026 1668 1183 1707 Romani
1218 1670 1258 1707 et
1286 1668 1390 1707 vitae
1420 1678 1513 1706 suae
1535 1670 1724 1717 tempore,
1764 1678 1839 1717 quo
1868 1667 2015 1707 adiutus
2041 1680 2162 1708 rerum

211 1730 441 1780 singularum
478 1744 566 1782 usu,
613 1744 688 1785 qua
724 1732 923 1782 impeditus
958 1731 1109 1770 aliarum
1143 1742 1263 1770 rerum
1297 1731 1579 1781 perturbatione
1618 1731 1682 1769 ille
1722 1730 1770 1769 ad
1805 1730 1977 1780 singulas
2011 1743 2161 1782 operum

212 1798 343 1844 partes
373 1797 593 1834 scribendas
626 1798 848 1835 accesserit.
914 1795 1015 1834 Nihil
1047 1808 1100 1834 ex
1139 1796 1198 1834 his
1231 1797 1346 1833 rebus
1385 1806 1459 1833 non
1494 1795 1673 1832 dissimile
1710 1796 1771 1833 est
1807 1795 1983 1844 exceptis
2021 1796 2165 1845 imperii

213 1857 456 1909 temporibus.
516 1858 690 1898 Nonnihil
728 1860 867 1911 refert,
906 1861 948 1900 ut
983 1857 1170 1910 exemplis
1202 1859 1307 1908 utar,
1340 1858 1462 1897 utrum
1493 1856 1539 1897 de
1566 1857 1678 1897 rebus
1705 1856 1873 1909 bellicis,
1904 1869 1951 1897 an
1979 1857 2026 1898 de
2047 1859 2163 1899 rebus

213 1921 386 1960 civilibus
427 1923 624 1962 tradiderit
658 1924 842 1975 scriptor,
889 1924 952 1975 qui
994 1923 1031 1960 in
1078 1922 1245 1960 omnibus
1288 1923 1371 1959 fere
1415 1922 1581 1960 civitatis
1609 1922 1821 1959 muneribus
1860 1925 2035 1961 versatus
2072 1924 2161 1961 belli

212 1996 363 2024 munera
402 1985 471 2024 vix
509 1987 689 2036 attigisse
719 1986 893 2026 videtur:
928 1986 1067 2034 refert,
1100 1987 1219 2026 utrum
1259 1985 1307 2025 de
1341 1986 1456 2025 rebus
1486 1999 1509 2025 a
1535 1986 1614 2025 suis
1644 1985 1875 2037 temporibus
1909 1987 2087 2037 remotis,
2124 1991 2164 2027 ut

211 2048 248 2086 in
283 2048 512 2100 Annalibus,
566 2061 614 2088 an
656 2050 704 2089 de
749 2051 865 2089 rebus
912 2060 1003 2088 suae
1051 2049 1189 2088 aetatis
1238 2050 1419 2099 narrarit,
1467 2051 1508 2089 ut
1544 2050 1580 2088 iu
1624 2049 1825 2099 Historiis,
1877 2061 1959 2089 cum
2003 2050 2068 2089 ille
2111 2062 2161 2090 cx

211 2113 454 2152 monumentis
496 2114 634 2164 prioris
682 2115 821 2154 aetatis
866 2114 913 2152 ad
953 2124 1015 2152 res
1059 2114 1214 2150 exteras
1252 2113 1524 2163 *spectantibus
1568 2124 1689 2164 pauca
1734 2115 1876 2152 tantum
1922 2113 2160 2165 incorruptae

213 2175 389 2214 veritatis
417 2178 626 2216 testimonia
654 2189 788 2217 eruere
814 2178 985 2228 potuisse
1008 2175 1204 2221 videatur3
1229 2176 1370 2225 refert,
1402 2177 1501 2227 quod
1528 2176 1838 2225 „Germaniam“
1865 2178 2019 2227 scripsit
2037 2182 2162 2217 aetate

212 2249 281 2277 sua
317 2239 580 2291 corroborata,
627 2241 816 2281 Historias
853 2242 977 2279 aetate
1012 2240 1276 2291 provectiore,
1321 2239 1489 2278 Annales
1524 2242 1651 2279 aetate
1685 2240 2003 2288 ingravescentez
2044 2242 2162 2281 refert

213 2301 394 2354 denique,
434 2303 534 2354 quod
565 2304 602 2342 in
634 2303 870 2355 „Germania
891 2302 935 2356 *J
968 2302 1167 2342 scribenda
1204 2303 1394 2352 indignum
1431 2302 1576 2355 quidem
1603 2303 1715 2353 illud,
1753 2304 1821 2342 sed
1848 2314 2023 2342 summum
2049 2305 2162 2343 otium

212 2365 400 2405 collocare
433 2369 607 2417 poterat,
656 2378 729 2419 qno
765 2368 840 2407 viri
873 2366 1001 2417 magni
1018 2366 1178 2416 *ingenii
1218 2367 1288 2405 sub
1323 2377 1444 2405 saevo
1482 2366 1683 2406 Domitiani
1713 2366 1869 2417 imperio
1909 2367 1975 2407 vel
2009 2369 2163 2408 invitis-

211 2431 295 2470 simi
330 2430 547 2481 utebantur,
593 2442 664 2471 nec
691 2432 830 2483 minus,
866 2431 964 2484 quod
1000 2431 1037 2469 tn
1065 2428 1275 2468 Annalibus
1302 2432 1343 2470 et
1371 2430 1409 2469 in
1434 2429 1612 2469 Historiis
1643 2430 1850 2470 scribendis
1878 2431 2001 2470 multis
2022 2433 2164 2472 multa·-

212 2506 291 2533 rum
325 2505 446 2534 rerum
482 2485 815 2535 curis'·distractus
853 2507 925 2535 non
964 2492 1117 2534 eandem
1154 2492 1269 2532 rebus
1298 2490 1549 2544 Germanicis,
1583 2506 1678 2546 quas
1711 2493 1989 2545 interponeret,
2024 2508 2165 2536 navare

276 2651 313 2695 *)
355 2652 472 2687 Liceat
494 2650 572 2686 mihi
595 2652 768 2702 breyitatis
791 2660 910 2686 caussa
932 2650 1129 2687 Germaniae
1150 2651 1254 2687 verbo
1277 2653 1326 2687 sic
1347 2654 1396 2687 uti
1419 2663 1481 2697 pro
1506 2652 1618 2687 libello
1641 2651 1682 2687 de
1706 2650 1885 2688 Germania
1907 2658 2093 2699 conscripto

1721 2707 1743 2748 1
