2452 3445
999 196 1398 239 -12—-

217 319 338 359 saltus
375 320 666 369 complebant,“
704 321 787 357 dum
818 320 974 358 Romani
1000 321 1068 357 vix
1095 320 1208 367 ignes
1237 319 1364 367 alere,
1398 319 1467 357 vix
1498 329 1629 357 vocem
1659 319 1774 357 edere
1804 321 1885 359 ausi
1911 325 1976 360 aut
2005 322 2175 361 adiacent

219 383 321 422 vallo
357 387 420 422 aut
452 394 522 432 per
560 385 724 423 tentoria
761 385 958 433 oberrant,
996 385 1220 434 „insomnes
1254 382 1400 432 magis,
1439 394 1547 432 quam
1582 382 1829 433 pervigiles“
1861 382 1980 434 [Ann.
2008 384 2046 435 1,
2074 383 2174 436 653.

218 447 379 486 Postero
418 446 478 484 die
514 448 699 497 progredi
730 449 833 497 ausi,
874 450 914 486 at
952 447 1053 486 nullo
1084 447 1239 497 imperio
1268 445 1422 485 coerciti
1453 446 1592 483 tantam
1619 445 1761 484 cladem
1792 447 1999 497 accipiunt,
2037 452 2078 487 ut
2106 449 2174 487 vix

220 509 417 549 Caecinam
452 510 581 548 ducem
617 511 837 563 aquilasque
872 514 1030 550 servent
1064 510 1257 547 sublevati
1284 509 1465 547 aviditate
1494 508 1781 558 Germanorum,
1814 510 1876 559 qui
1904 513 2024 549 omnia
2050 513 2176 562 impe-

220 573 378 611 dimenta
415 574 577 622 rapiunt.
637 574 783 625 Quanta
825 579 947 614 autem
983 574 1139 612 Romani
1177 573 1301 612 affecti
1335 573 1411 610 sint
1446 572 1575 620 clade,
1612 572 1696 611 inde
1724 572 1856 620 colligi
1882 576 2036 624 potest,
2075 576 2173 626 quod

219 638 432 686 „coepta
457 636 601 674 luce“
631 648 682 674 ex
705 638 843 676 castris
871 637 1006 685 egredi
1034 637 1136 685 ausi,
1173 638 1604 685 „vesperascente
1633 635 1806 673 demum
1832 635 1948 673 die“
1973 637 2010 673 in
2038 640 2174 687 aperta

218 701 257 737 et
292 700 415 738 solida
450 701 544 738 enisi
582 704 710 738 castra
745 703 961 751 posuerunt.
1026 700 1119 737 Nam
1154 710 1369 750 quamquam
1397 698 1584 736 Arminius
1608 700 1648 736 et
1677 708 1864 746 egressos
1891 710 1913 736 e
1935 700 2072 737 castris
2103 712 2175 739 non

217 764 345 802 statim
385 764 548 804 vexavit
576 784 631 806 -.-
659 766 818 803 retentis
853 765 953 814 suis,
987 764 1071 801 dum
1104 763 1366 813 impedimenta
1396 762 1640 800 Romanorum
1669 773 1789 801 coeno
1817 763 2005 812 fossisque
2035 761 2175 802 haere-

216 828 302 865 rent
329 830 369 866 et
395 827 525 866 hostes
552 839 627 866 non
649 829 766 866 minus
794 828 958 866 locorum
987 827 1202 877 iniquitate,
1229 838 1336 876 quam
1357 827 1500 863 terrore
1526 827 1695 864 commoti
1715 826 1864 864 ordines
1882 826 2103 866 desererent
2122 847 2175 855 —

218 901 288 929 nec
314 903 431 942 usque
453 891 501 929 ad
530 904 731 942 vesperum
760 891 931 930 turbatos
955 893 995 929 et
1022 890 1184 928 afflictos
1211 889 1343 929 hostes
1369 889 1544 939 persequi
1568 890 1691 938 potuit
1719 889 1894 928 desertus
1922 890 2037 928 asnis
2056 901 2173 940 prae-

219 952 301 991 dam
339 955 592 994 sectantibus:
637 958 759 993 tamen
796 957 836 994 et
870 957 957 994 ante
996 957 1035 993 et
1061 956 1152 1003 post
1180 953 1322 992 cladem
1347 952 1521 991 Germani
1550 964 1622 991 non
1649 954 1702 991 ita
1730 964 1901 1001 magnam
1929 953 2003 991 diei
2031 958 2175 1004 partem

220 1027 243 1053 a
278 1027 410 1064 pugna
448 1018 674 1055 abstinuisse
710 1018 937 1056 videbuntur
967 1018 1032 1066 iis,
1070 1018 1132 1067 qui
1162 1016 1443 1066 reputaverint,
1482 1015 1743 1065 impedimenta
1769 1028 1838 1055 nec
1866 1016 1927 1053 dIu
1955 1028 2025 1066 per
2052 1017 2174 1055 solida

221 1079 302 1117 duci
326 1081 499 1129 potuisse
524 1082 561 1119 in
590 1082 751 1130 regione
778 1082 971 1119 maximam
1003 1082 1146 1131 partem
1174 1078 1319 1117 humida
1347 1080 1387 1117 et
1413 1078 1536 1116 tenaci
1560 1089 1630 1117 nec
1655 1080 1759 1118 tanta
1784 1079 1927 1128 ruisse,
1963 1081 2004 1118 ut
2032 1079 2173 1128 ingen-

217 1143 289 1180 tem
317 1141 580 1182 Germanorum
609 1144 876 1183 multitudinem
901 1143 1052 1182 multum
1083 1144 1217 1181 morari
1242 1143 1444 1192 potuerint.

342 1225 457 1277 Quam
501 1226 636 1262 misera
671 1228 816 1273 autem,
860 1237 940 1263 cum
975 1226 1021 1262 ad
1058 1237 1260 1276 vesperum
1300 1226 1541 1264 emersissent
1578 1236 1629 1262 ex
1665 1224 1884 1273 paludibus,
1928 1224 2175 1262 Romanorum

218 1287 330 1325 suerit
353 1289 539 1338 conditio,
568 1289 681 1327 docet
697 1288 821 1327 Tacit.
847 1287 948 1326 Ann.
975 1288 1014 1336 1,
1038 1287 1103 1328 65.
1130 1289 1393 1337 „struendum
1407 1290 1553 1327 vallum
1563 1289 1834 1339 petendaeque
1851 1301 1999 1339 agger:
2029 1290 2174 1326 amissa

215 1363 363 1402 magna
400 1366 448 1390 ex
477 1358 615 1404 parte,
651 1365 728 1403 per
757 1365 858 1404 quae
893 1354 1064 1402 egeritur
1093 1353 1233 1390 humus
1258 1358 1330 1390 aut
1354 1353 1545 1391 exciditur
1571 1365 1753 1402 caespes.-
1787 1365 1865 1389 non
1892 1353 2057 1389 tentoria
2083 1364 2172 1389 ma-

215 1417 378 1466 nipulis,
422 1429 499 1454 non
535 1417 713 1467 fomenta
756 1417 921 1463 sauciis,
967 1416 1131 1466 infectos
1169 1428 1288 1453 coeno
1331 1421 1403 1453 aut
1434 1428 1571 1453 cruore
1606 1416 1707 1453 cibos
1743 1415 1957 1453 dividentes
1990 1416 2174 1466 funestas

217 1480 394 1517 tenebras
419 1486 457 1517 et
483 1485 540 1516 tot
563 1480 758 1517 hominum
785 1480 937 1517 milibus
964 1493 1084 1517 unum
1109 1481 1188 1517 iam
1216 1480 1406 1529 reliquum
1431 1480 1533 1517 diem
1560 1478 1920 1517 lamentabantur.“

340 1560 382 1598 In
420 1560 623 1599 miserrima
659 1559 729 1598 hac
762 1560 974 1599 conditione
1000 1560 1157 1599 Romani
1186 1561 1393 1598 castrorum
1421 1559 1641 1597 munimenta
1669 1560 1749 1598 sine
1775 1560 1884 1597 dubio
1912 1570 1984 1597 non
2012 1560 2065 1598 ita
2097 1572 2172 1599 va—

217 1622 292 1660 lida
327 1623 479 1661 efficere
514 1626 739 1674 potuerunt,
784 1627 825 1661 ut
861 1625 971 1662 etiam
1012 1623 1180 1661 Arminio
1216 1622 1406 1660 horrorem
1444 1622 1657 1672 iniecerint,
1688 1625 1747 1674 qui
1776 1623 2002 1660 dissuasisse
2028 1624 2173 1672 dicitur,

216 1696 264 1722 ne
300 1685 336 1723 in
373 1688 499 1725 castra
528 1688 782 1725 invaderetur.
837 1687 940 1726 Vicit
974 1687 1160 1726 contraria
1186 1687 1372 1725 sententia
1399 1685 1646 1736 Inguiomeri‚
1683 1688 1764 1739 qui,
1804 1688 1877 1727 etsi
1907 1685 2079 1725 Germani
2104 1698 2173 1736 per

218 1749 311 1787 diem
359 1749 567 1801 integrum,
613 1754 655 1789 ut
690 1751 848 1790 Tacitus
889 1750 1095 1788 credidisse
1133 1750 1305 1799 videtur,
1354 1750 1612 1800 impedimenta
1647 1751 1894 1790 Romanorum
1930 1751 2171 1801 diripuerant,

216 1814 339 1851 tamen
375 1826 545 1862 magnam
584 1815 619 1852 in
657 1815 793 1853 castris
828 1814 1006 1864 praedam
1042 1815 1125 1851 fore
1163 1824 1318 1863 eamque
1356 1814 1471 1850 minus
1511 1817 1722 1864 corruptam
1747 1815 1783 1852 in
1810 1815 1969 1862 castris,
2002 1826 2109 1864 quam
2136 1815 2172 1851 in

217 1875 414 1924 paludibus
453 1876 683 1926 deprehendi
718 1887 836 1927 posse
876 1878 1020 1926 sperat.
1077 1877 1250 1915 Germani
1293 1879 1418 1915 castra
1445 1878 1698 1927 expugnaturi
1721 1879 1901 1927 proruunt
1927 1877 2075 1927 fossas,
2110 1878 2170 1915 in-

217 1939 342 1978 iiciunt
368 1941 514 1988 crates,
553 1951 693 1978 summa
728 1939 821 1978 valli
847 1940 1048 1989 prensant:
1086 1942 1126 1979 at
1153 1941 1352 1990 postquam
1379 1940 1538 1979 haesere
1561 1942 1815 1989 munimentis,
1852 1952 1874 1978 a
1899 1940 2076 1979 Romanis
2102 1953 2171 1978 su·—

218 2003 298 2043 bito
325 2004 554 2043 circumfusis
580 2004 812 2042 trucidantur
841 2002 955 2040 defixi
985 2003 1090 2053 quasi
1118 2014 1186 2041 suo
1217 2004 1373 2054 quisque
1401 2004 1507 2043 loco:
1544 2016 1625 2043 nam
1655 2003 1833 2052 Romani,
1869 2015 2022 2054 quorum
2048 2007 2172 2043 castra

216 2067 336 2117 prima
376 2068 460 2105 luce
504 2066 648 2118 [„orta
691 2065 812 2116 die“)
857 2068 1079 2116 oppugnata
1125 2068 1250 2114 erant,
1296 2067 1482 2106 trucidant
1525 2067 1679 2116 hostes,
1725 2067 1883 2116 „donec
1917 2069 1974 2106 ira
2011 2071 2051 2106 et
2092 2068 2171 2105 dies

216 2131 434 2180 permansit.
448 2131 473 2153 “

344 2203 426 2257 Qua
454 2204 490 2241 in
518 2214 638 2240 rerum
667 2201 921 2252 descriptione
949 2213 1023 2240 non
1050 2212 1172 2252 pauca
1199 2200 1388 2241 offendunt
1418 2202 1611 2243 lectorem.

342 2277 403 2316 Ae
429 2277 583 2327 primum
609 2275 730 2314 solida
757 2275 821 2314 illa
847 2275 1047 2326 planities,
1076 2275 1112 2312 in
1137 2287 1210 2325 qua
1238 2278 1363 2314 castra
1390 2278 1518 2326 posita
1542 2280 1670 2326 erant,
1696 2288 1768 2315 non
1796 2280 1869 2314 tam
1897 2276 1974 2315 late
2002 2278 2171 2327 patuisse

220 2342 391 2391 videtur,
431 2344 471 2380 ut
506 2351 576 2377 una
608 2351 687 2378 eum
716 2339 930 2388 legionibus
956 2339 1133 2377 Romanis
1165 2340 1274 2378 etiam
1300 2341 1478 2389 ingentes
1507 2341 1771 2380 Germanorum
1796 2343 1972 2380 catervas
1997 2347 2171 2391 caperet:

218 2418 298 2444 nam
332 2405 521 2444 Arminius
554 2406 728 2443 suaserat
764 2404 843 2441 suis
883 2404 1150 2452 „sinerent
1182 2405 1359 2452 egredi
1393 2403 1436 2455 [e
1474 2406 1608 2444 castris
1643 2403 1794 2456 hostes)
1831 2416 2169 2455 egressosque

218 2480 401 2508 rursum
438 2478 526 2517 per
557 2467 750 2505 humida
785 2470 834 2504 et
858 2467 1100 2516 impedita
1129 2468 1591 2506 circumvenirent.“
1643 2469 1750 2516 Ergo
1777 2470 1818 2506 ut
1840 2469 1948 2507 modo
1974 2480 2026 2506 ex
2056 2468 2169 2518 palu-

220 2531 328 2570 dibus
362 2533 591 2569 emerserant
621 2531 657 2568 in
684 2531 819 2580 aperta
850 2531 889 2567 et
917 2529 1058 2580 solida,
1097 2532 1152 2570 sic
1180 2542 1251 2581 per
1274 2531 1431 2582 paludes
1460 2542 1575 2582 porro
1603 2531 1756 2569 tendere
1783 2533 1902 2571 coacti
1924 2533 2032 2570 erant
2057 2532 2168 2569 undi-

218 2606 292 2646 que
325 2597 389 2632 aut
424 2595 533 2632 silvis
565 2597 630 2631 aut
665 2594 866 2644 paludibus
895 2593 1139 2631 circumclusi.
1195 2594 1279 2631 Non
1303 2596 1464 2644 apparet
1490 2595 1626 2643 igitur,
1666 2596 1849 2645 quomodo
1876 2595 2049 2643 Romani,
2089 2607 2167 2633 cum

216 2658 394 2705 ingentes
412 2655 674 2695 Germanorum
702 2659 882 2696 catervas
901 2656 1263 2706 circumclusissent,
1290 2658 1326 2694 in
1346 2656 1476 2694 solidis
1497 2656 1589 2696 locis
1614 2659 1822 2698 consistere
1842 2658 2043 2707 potuerint.
2082 2658 2167 2697 De-
