2452 3445
1000 147 1400 190 „-15-.

219 276 399 325 denique,
434 275 483 310 ut
514 271 760 320 integrum
789 272 993 319 integro
1019 283 1114 309 cum
1143 273 1416 310 commeatu
1444 271 1714 310 exercitum
1740 270 1934 309 mediam
1968 271 2015 309 in
2042 271 2170 308 Ger-

219 338 415 377 maniam
442 335 661 373 duceret.
720 333 782 372 Cf.
812 335 912 373 Anu.
939 334 997 384 li,
1020 334 1065 373 5.-

342 400 504 438 Primum
523 400 664 448 igitur,
694 399 836 437 bellurn
858 399 1040 437 maturius
1064 399 1178 449 incipi
1201 408 1318 449 posse
1347 397 1548 436 iudicabat.

345 463 447 501 Sane
482 463 651 511 multum,
690 473 771 500 cum
806 462 973 512 „brevis
1005 463 1114 500 esset
1139 461 1359 501 Germaniae
1390 461 1580 511 aestas,“
1617 463 1819 511 intererat,
1859 464 1900 499 ut
1923 461 2059 501 bellum
2086 475 2170 502 ma·

219 527 335 564 turius
364 526 612 576 inciperetur:
647 527 689 563 at
715 524 959 564 Germanicus
984 537 1056 563 non
1081 526 1134 563 ita
1159 527 1304 563 mature
1330 525 1609 576 expeditionem
1634 537 1769 575 parare
1798 525 1969 575 potuisse
1995 527 2169 565 videtur:

218 593 320 628 certe
355 590 418 627 ille
453 591 667 640 priusquam
699 600 821 627 naves
847 589 1093 637 collegisset,
1127 589 1257 628 Silium
1291 590 1461 638 legatum
1491 601 1575 628 cum
1600 589 1779 638 expedita
1809 599 1916 627 manu
1944 589 1979 626 in
2010 589 2168 628 Chattos

217 653 346 691 mittit:
386 653 469 703 ipse
506 653 552 691 ad
588 653 782 691 castelium
811 652 980 703 Luppiae
1014 652 1149 691 flumini
1175 654 1386 703 appositum
1413 653 1609 692 obsidione
1635 652 1862 690 liberandum
1892 663 1966 690 sex
1994 651 2168 701 legiones

218 717 320 755 ducit
347 716 538 767 rebusque
567 717 644 754 illis
671 717 846 755 celeriter
874 716 1040 767 peractis
1070 719 1206 755 cuncta
1228 718 1325 756 inter
1344 718 1539 756 Alisonem
1568 715 1761 756 castellum
1789 726 1833 754 ac
1860 714 2030 754 Rhenum
2055 716 2166 753 novis

215 781 390 819 limitibus
416 780 703 831 aggeribusque
731 781 925 830 permunit.
978 779 1061 818 Sed
1088 791 1169 818 eum
1196 783 1235 818 et
1264 781 1381 819 Silius
1408 782 1543 821 subitis
1567 779 1745 819 imbribus
1775 778 2036 827 prohiberetur
2064 779 2165 817 iussa

216 845 376 895 exsequi
414 855 483 882 nec
523 843 765 883 Germanicus
804 845 1030 883 obsessores
1063 844 1111 882 ad
1148 844 1281 882 lamam
1322 845 1509 885 adventus
1548 845 1606 883 sui
1643 842 1815 893 dilapsos
1850 841 2166 893 deprehenderet:

217 908 303 946 iliae
338 906 600 956 expeditiones
634 919 707 946 non
741 908 794 946 ita
829 919 1005 957 magnam
1041 918 1178 944 moram
1208 908 1378 946 intulisse
1406 909 1601 947 videntur:
1638 907 1725 957 plus
1752 916 1877 944 morae
1901 906 2039 944 illatum
2065 906 2168 943 iudi-

215 982 384 1012 caremus
415 972 678 1020 permunienda
705 972 769 1010 via
794 972 880 1021 illa,
918 982 1016 1022 quae
1044 982 1067 1009 a
1095 971 1259 1009 lontibus
1282 971 1452 1022 Luppiae
1478 984 1595 1023 usque
1623 971 1670 1009 ad
1693 969 1862 1009 Rhenum
1885 970 2064 1020 patebat,
2094 970 2165 1007 nisi

214 1035 430 1081 constaret,
472 1034 609 1072 milites
635 1036 824 1074 Romanos
858 1033 1040 1071 eiusmodi
1063 1035 1101 1071 in
1128 1035 1306 1083 operibus
1333 1037 1669 1075 exercitatissimos
1693 1035 1785 1072 mira
1813 1033 2029 1083 plerumque
2057 1033 2165 1071 cele-

211 1098 324 1136 ritate
360 1106 437 1133 rem
475 1097 601 1136 tantae
638 1098 745 1136 molis
778 1097 1003 1148 perfecisse.
1066 1096 1244 1134 Nimirum
1281 1098 1395 1137 multa
1427 1099 1528 1137 milia
1563 1097 1744 1136 bominum
1780 1099 1822 1135 et
1854 1095 1990 1135 robore
2018 1097 2057 1133 et
2082 1098 2163 1134 arte

212 1160 463 1211 praeditorum
498 1161 566 1198 sub
601 1161 755 1211 imperio
793 1161 1020 1209 gravissimo
1055 1161 1093 1198 in
1125 1173 1263 1210 magno
1302 1162 1368 1200 illo
1405 1174 1523 1213 opere
1549 1162 1722 1211 occupati
1748 1162 1868 1198 erant.
1921 1158 2161 1197 Nihilominus

212 1224 362 1263 multum
389 1223 578 1262 retardata
607 1234 694 1262 esse
725 1225 876 1263 videtur
902 1224 1119 1274 expeditio:
1148 1236 1230 1263 nam
1249 1237 1488 1277 quamquam,
1517 1237 1611 1277 quae
1631 1226 1835 1276 sequuntur
1852 1234 1938 1271 res,
1961 1223 2041 1260 sine
2059 1234 2159 1261 mora

211 1288 465 1339 peraguntur,
510 1289 631 1325 tamen
664 1288 790 1326 subito
827 1289 956 1327 incidit
990 1288 1156 1338 „adulta
1192 1292 1321 1328 aestas
1333 1290 1359 1312 “
1396 1293 1435 1329 et
1467 1290 1513 1327 de
1546 1290 1668 1328 reditu
1706 1289 1893 1328 admonet.
1957 1286 2161 1336 Expeditio

212 1352 305 1391 enim
341 1349 415 1402 (cf.
448 1349 545 1389 Ann.
573 1350 628 1402 11,
657 1350 841 1404 8—23.)
867 1352 925 1392 sic
952 1352 1201 1403 peragitur.“
1256 1353 1468 1393 Praemisso
1499 1355 1704 1394 commeatu
1735 1354 1775 1391 et
1804 1350 2010 1390 distributis
2038 1350 2073 1388 in
2100 1349 2161 1388 le-

210 1417 346 1464 giones
385 1426 429 1452 ac
466 1416 593 1452 socios
629 1416 789 1452 navibus
820 1416 1060 1454 Germanicus
1087 1418 1227 1454 rossam
1254 1417 1495 1467 Drusiauam,
1534 1419 1660 1466 lacus,
1693 1417 1882 1456 Oceanum
1909 1414 2161 1464 „secunda

209 1477 575 1527 navigatione“
605 1477 827 1528 pervehitur
854 1491 973 1532 usque
1001 1479 1049 1518 ad
1077 1480 1255 1520 Amisiam
1285 1481 1429 1519 flumen.
1480 1481 1570 1520 Inde
1596 1493 1718 1532 parva
1744 1492 1847 1520 mora
1873 1480 1974 1518 facta
1998 1498 2049 1506 —
2076 1489 2157 1515 nam

208 1544 256 1582 ad
291 1542 603 1591 Angrivariorum
646 1542 892 1581 defectionem
930 1544 1178 1582 ulciscendam
1207 1545 1409 1583 Stertinius
1447 1558 1526 1585 curn
1555 1547 1683 1596 equite
1709 1548 1750 1584 et
1774 1546 1961 1584 armatura
1987 1542 2065 1579 levi
2090 1552 2158 1578 re·-

209 1608 364 1647 mittitur
388 1627 436 1634 -
468 1606 515 1643 ad
544 1605 735 1654 Visurgim
772 1608 950 1656 pervenit
988 1609 1053 1656 et,
1090 1619 1170 1646 cum
1206 1611 1405 1658 postero
1440 1609 1518 1646 die
1545 1608 1666 1659 (Ann.
1693 1608 1750 1658 11,
1780 1607 1865 1659 11.)
1896 1607 2157 1645 Germanorum

206 1672 322 1711 aciem
359 1671 462 1709 trans
490 1668 682 1718 Visurgim
709 1670 927 1710 instructam
954 1671 1183 1721 invenisset,
1215 1673 1296 1711 sine
1325 1684 1427 1711 mora
1453 1673 1613 1713 instituit
1640 1675 1800 1724 pontes,
1836 1671 1974 1711 traiicit
2002 1668 2155 1707 exerei-

206 1738 304 1784 tum,
350 1732 542 1772 committit
577 1745 755 1782 pugnam.
809 1735 871 1773 Ex
903 1747 976 1786 qua
1015 1747 1095 1773 cum
1124 1737 1297 1786 superior
1327 1737 1590 1786 discessisset,
1630 1748 1703 1775 non
1731 1737 1784 1774 ita
1813 1748 1951 1785 magno
1979 1734 2156 1784 temporis

206 1798 328 1848 spatio
357 1796 553 1836 interiecto
575 1796 730 1836 alteram
765 1810 931 1848 pugnam
969 1799 1036 1838 init
1074 1800 1329 1852 victoriaque,
1372 1804 1414 1841 ut
1449 1802 1585 1852 iactat,
1618 1802 1815 1851 reportata
1843 1800 1997 1838 reditum
2027 1800 2156 1848 parat:

204 1861 380 1914 persequi
404 1858 537 1898 hostes
563 1870 635 1898 non
662 1862 804 1912 potest,

457 1925 617 1974 „quod
647 1928 816 1964 aestas
847 1926 941 1964 iam
964 1925 1134 1964 adulta
1161 1928 1363 1966 fuerim

331 1985 434 2038 Quae
457 1986 491 2024 si
518 1997 613 2025 vera
643 1990 726 2028 erat
754 2001 912 2040 caussa,
947 1990 1120 2041 proiecto
1149 2002 1224 2030 non
1252 1994 1394 2032 mature
1420 1996 1602 2045 suscepta
1628 1993 1713 2032 erat
1739 1990 1946 2043 expeditIo.

329 2050 411 2088 Nec
439 2050 555 2088 minus
582 2052 686 2090 irrita
713 2056 795 2092 erat
824 2054 945 2092 altera
971 2065 1130 2104 caussa,
1164 2067 1236 2107 qua
1265 2056 1508 2096 Germanicus
1532 2068 1575 2095 se
1603 2058 1820 2095 commotum
1847 2054 1937 2093 dicit
1963 2053 2010 2091 ad
2038 2062 2153 2102 prae-

204 2114 395 2153 ferendam
421 2114 694 2164 expeditionem
719 2118 960 2156 maritimam:
994 2119 1134 2157 t'rustra
1165 2121 1258 2157 enim
1288 2124 1476 2172 sperarat,

455 2179 532 2228 „si
565 2191 691 2219 mare
726 2181 991 2230 intrasset,
1027 2185 1293 2233 promptam
1324 2185 1423 2224 sibi
1451 2186 1557 2223 rore
1583 2183 1957 2235 possessionem
1984 2183 2035 2219 et
2060 2179 2149 2216 ho-

511 2242 675 2281 stibus
707 2245 970 2293 ignotam.“
1020 2244 1118 2283 Anu.
1146 2245 1204 2295 11,
1228 2246 1275 2297 5,
1301 2246 1339 2287 3.

328 2301 508 2343 Profecto
536 2307 599 2357 qui
622 2307 703 2345 falli
729 2310 880 2357 poterat
906 2307 1096 2347 Arminius
1119 2312 1350 2359 provocatus
1377 2313 1417 2349 et
1444 2311 1590 2359 ingenti
1615 2311 1765 2349 navium
1792 2311 1977 2359 apparatu
2004 2308 2042 2344 et
2071 2315 2148 2341 ex·
2206 2313 2208 2315 ’

204 2365 393 2418 peditione
429 2376 453 2404 a
480 2366 700 2409 Germanico
739 2371 785 2410 ad
822 2371 1062 2423 repellendos
1092 2371 1264 2411 Alisonis
1289 2374 1513 2413 obsessores
1542 2370 1751 2424 suscepta?
1784 2372 1834 2411 Et
1859 2381 1997 2410 revera
2017 2367 2148 2407 Armi-

202 2433 285 2469 nius
320 2442 400 2468 cum
437 2431 516 2466 suis
554 2434 766 2484 sociisque,
806 2435 868 2471 ubi
895 2435 1135 2473 Germanicus
1171 2437 1217 2473 ad
1244 2437 1436 2485 Visurgim
1465 2439 1659 2487 pervenit,
1696 2439 1766 2473 iam
1795 2437 1927 2474 aderat
1954 2434 2148 2483 promptus

200 2498 430 2544 paratusque
453 2494 499 2532 ad
523 2507 689 2543 pugnam
717 2510 739 2535 e
766 2500 938 2545 vestigio
965 2501 1271 2538 committendam.

329 2555 501 2608 Denique
530 2569 634 2610 quam
659 2558 901 2601 Germanicus
939 2564 1165 2614 conceperat
1191 2574 1318 2615 spem,
1352 2563 1434 2602 fore
1464 2565 1506 2603 ut
1530 2562 1658 2614 copias
1686 2562 1858 2612 integras
1884 2560 2035 2609 integro
2066 2567 2145 2596 cum

200 2624 405 2660 commeatu
432 2633 503 2672 per
529 2634 596 2662 ora
625 2626 664 2662 et
691 2624 826 2663 alveos
855 2626 1034 2664 numinum
1063 2628 1218 2665 mediam
1248 2629 1283 2666 in
1304 2627 1537 2666 Germaniam
1567 2628 1816 2678 perduceret,
1843 2626 2016 2665 fallacem
2043 2625 2146 2662 certe
