2452 3445
250 321 313 358 aut
346 317 530 356 tarditatis
562 316 730 365 vestigia
771 316 983 354 ostendunt.
1049 315 1257 355 Praeterea
1295 317 1399 355 certe
1423 315 1542 355 Suevi
1570 316 1644 366 illi,
1686 316 1733 355 de
1762 316 1893 369 quibus
1924 314 2068 356 Caesar
2093 317 2204 357 tradit

249 384 293 421 B.
328 380 475 429 G‚1V,
516 381 577 420 19.
612 381 651 419 et
681 380 752 428 Vl,
789 379 851 418 10.
892 383 1028 419 tantam
1066 382 1101 418 in
1140 381 1276 418 nuntiis
1312 383 1352 419 et
1381 379 1606 418 dimittendis
1644 383 1684 418 et
1708 380 1932 430 accipiendis
1959 381 2204 429 celeritatem,

249 449 387 485 tantam
421 445 548 483 summi
584 444 728 483 consilii
758 445 1031 493 reverentiam,
1060 446 1198 483 tantam
1228 446 1269 483 et
1295 443 1527 482 consultandi
1555 448 1594 483 et
1617 445 1756 493 agendi
1783 444 2035 493 concordiam,
2064 447 2204 483 tantam

250 511 285 546 in
317 509 428 545 iussis
458 507 711 557 exsequendis
740 507 947 554 agilitatem
975 508 1197 556 ostendunt,
1223 510 1263 545 ut
1291 507 1432 545 tardam
1460 507 1707 560 licentemque
1723 509 1870 559 patriae
1891 511 2089 560 gentisque
2112 519 2205 546 suae

250 576 415 611 naturam
448 573 590 611 omnino
621 571 773 608 exuisse
804 571 1015 609 videantur.
1879 602 1885 606 .

374 636 447 673 lam
473 635 732 683 Germanicus,
774 635 834 684 qui
871 646 951 672 cum
982 635 1111 672 eadem
1149 636 1297 672 aestate
1332 646 1503 683 magnam
1540 634 1814 684 expeditionem
1851 636 2044 684 suscipere
2070 634 2206 683 vellet,

249 699 346 737 haud
384 700 494 737 dubie
527 700 608 736 sine
644 696 719 735 ulla
742 709 843 735 mora
883 697 1017 735 bellum
1045 698 1224 748 parabat,
1268 698 1314 735 ad
1343 697 1617 737 distrahendum
1647 697 1790 736 hostem
1819 699 2008 748 tripartito
2037 698 2206 735 exercitu

250 774 483 813 progressus
519 764 580 801 est
618 762 664 800 ad
692 761 883 800 Amisiam.
946 761 1026 814 Qua
1068 763 1104 799 in
1141 762 1381 812 expeditione
1420 762 1637 813 repellenda
1675 763 1765 813 quid
1791 763 1979 802 Arminius
2014 757 2207 811 perfecit?

250 827 372 876 Nihil,
400 828 432 864 si
462 826 597 865 Tacito
626 826 733 864 iidem
759 825 963 875 habemus,
993 825 1064 863 nisi
1088 825 1187 876 quod
1219 825 1361 863 insidiis
1391 826 1542 864 structis
1572 827 1749 876 quasdam
1773 828 1932 878 equitum
1961 824 2207 862 Romanorum

249 893 388 929 turmas
424 890 673 939 cohortesque
708 889 950 926 subsidiarias
978 890 1096 936 fudit,
1132 901 1224 938 quas
1263 901 1331 938 per
1368 888 1489 925 breve
1518 891 1675 938 spatium
1705 893 1928 940 persecutus
1955 900 2036 925 cum
2063 887 2207 924 Roma-

250 965 378 992 norum
415 953 590 1002 legiones
618 953 817 991 instructas
844 953 1027 1001 vidisset,
1063 952 1189 991 levem
1224 953 1420 991 victoriam
1451 964 1502 990 ex
1531 954 1695 991 manibus
1723 953 1861 991 dimisit
1888 951 2005 1002 (Ann.
2036 951 2078 1000 l,
2107 949 2208 1000 63.)-

250 1016 346 1054 Post
372 1028 452 1054 cum
482 1015 680 1055 Caecinam
723 1027 792 1065 per
817 1018 952 1066 pontes
984 1015 1125 1063 longos
1153 1015 1366 1052 redeuntem
1396 1015 1637 1054 vehementer
1663 1015 1881 1063 afflixisset,
1909 1017 2095 1065 postremo
2123 1014 2207 1063 ipse

250 1081 303 1119 ita
331 1092 353 1118 a
382 1080 543 1120 Caecina
574 1079 734 1117 afflictus
765 1082 847 1129 est,
886 1081 928 1117 ut
958 1080 1028 1117 vix
1053 1080 1147 1127 fuga
1175 1078 1331 1117 salutem
1354 1079 1540 1117 invenerit
1568 1077 1689 1131 (Ann.
1710 1078 1749 1128 1,
1776 1076 1877 1128 68).
1939 1078 2114 1116 Profecto
2142 1076 2206 1127 qui

250 1144 347 1183 Ann.
375 1143 415 1193 1,
442 1142 495 1183 63
514 1166 550 1171 -
567 1141 635 1182 68.
665 1154 730 1192 ea,
762 1154 858 1194 quae
886 1143 921 1181 in
947 1143 1248 1181 consuetudinem
1276 1143 1410 1190 vertit,
1440 1143 1661 1181 credulitate
1686 1142 1850 1190 legerit,
1880 1140 2204 1179 vehementissima

251 1208 306 1244 ira
335 1206 562 1245 exardescet
588 1207 624 1244 in
655 1206 880 1255 Arminium,
917 1207 980 1258 qui
1010 1206 1325 1257 opportunissima
1354 1206 1501 1244 delendi
1530 1207 1722 1245 exercitus
1747 1204 1903 1243 Romani
1932 1205 2126 1244 occasione
2153 1214 2204 1241 ex

252 1272 417 1308 manibus
442 1265 611 1319 dimissa,
638 1271 684 1308 ab
712 1271 822 1308 hoste
849 1271 1039 1307 laboribus
1072 1273 1111 1307 et
1138 1271 1348 1318 insomniis,
1374 1271 1471 1307 fame
1497 1271 1635 1321 sitique
1665 1268 1907 1306 vehementer
1924 1269 2085 1316 afflicto,
2113 1279 2202 1305 suos

252 1346 377 1373 somno
406 1333 561 1385 ciboque
583 1336 778 1373 recreatos
802 1345 1028 1385 numeroque
1059 1333 1172 1372 multo
1201 1334 1416 1384 superiores
1442 1336 1507 1373 aut
1533 1333 1640 1372 caedi
1669 1336 1735 1372 aut
1760 1333 1863 1370 fundi
1893 1333 2045 1383 patitur.

379 1398 555 1436 Proximo
580 1398 740 1449 denique
767 1409 861 1437 anno
894 1409 990 1449 quas
1016 1408 1079 1436 res
1106 1398 1233 1446 gessit
1257 1394 1474 1436 Arminius?

375 1461 533 1498 Primum
563 1460 721 1500 Chattos
756 1463 828 1499 iam
866 1463 1061 1512 superiore
1098 1473 1192 1498 anno
1229 1472 1252 1497 a
1277 1461 1452 1498 Romanis
1488 1462 1636 1511 impune
1670 1461 1833 1498 afflictos
1858 1471 1930 1499 non
1954 1463 2095 1500 tutatus
2120 1461 2203 1497 est:

251 1538 331 1563 nam
361 1523 405 1564 C.
436 1525 573 1573 Silius,
606 1527 686 1574 cui,
714 1527 783 1563 uisi
812 1527 946 1564 subitis
975 1527 1148 1564 imbribus
1176 1524 1382 1573 prohibitus
1410 1528 1539 1572 esset,
1570 1526 1710 1573 caede,
1740 1526 1902 1573 rapinis,
1929 1525 2104 1562 incendiis
2129 1535 2203 1571 pa-

250 1589 341 1626 riter
367 1591 481 1639 atque
501 1586 720 1626 Germanico
749 1597 844 1625 anno
875 1590 961 1628 ante
988 1587 1138 1627 saevire
1167 1587 1202 1625 in
1229 1586 1404 1637 populum
1433 1587 1622 1637 licuisset,
1647 1590 1801 1638 praeter
1828 1587 2004 1627 modicam
2026 1585 2202 1637 praedam

253 1653 360 1689 etiam
391 1652 487 1701 Arpi
524 1652 702 1701 principis
732 1651 950 1690 Chattorum
986 1662 1140 1689 uxorem
1178 1651 1362 1701 filiamque
1395 1652 1532 1700 rapuit.
1599 1652 1745 1689 Deinde
1781 1663 1860 1690 cum
1889 1651 2124 1689 Germanicus
2155 1648 2203 1686 ad

251 1715 477 1754 liberandum
507 1715 700 1752 obsidione
730 1715 923 1753 castellum
952 1714 1122 1765 Luppiae
1149 1715 1283 1751 flumini
1310 1716 1520 1763 appositum
1547 1727 1619 1753 sex
1648 1716 1824 1764 legiones
1850 1715 2093 1760 adduxisset,
2129 1713 2203 1749 ob-

251 1790 424 1818 sessores
470 1777 568 1817 haud
606 1778 716 1817 dubie
755 1778 909 1818 Arminii
951 1779 1080 1816 summi
1116 1779 1221 1818 ducis
1255 1776 1408 1828 imperio
1442 1778 1531 1817 illuc
1563 1779 1665 1816 missi
1704 1779 1839 1817 nullam
1877 1778 2031 1818 Caesari
2063 1776 2204 1826 copiam

251 1855 403 1896 pugnae
440 1844 567 1882 fecere
605 1843 651 1880 ad
691 1843 820 1881 samam
854 1843 1040 1880 adventus
1077 1844 1158 1882 eius
1190 1843 1340 1894 dilapsi.
1404 1842 1485 1895 Qua
1515 1843 1550 1880 in
1578 1844 1777 1882 occasione
1806 1843 1993 1892 audimus,
2032 1840 2201 1880 tumulum

253 1921 371 1959 nuper
400 1909 436 1945 ln
460 1907 636 1945 honorem
675 1907 864 1954 legionum
891 1907 1130 1945 Varianarum
1161 1910 1339 1946 structum
1369 1917 1543 1957 aramque
1571 1907 1655 1944 olim
1683 1907 1796 1944 Drusi
1823 1907 2018 1945 memoriae
2048 1906 2202 1943 dicatam

254 1986 276 2011 a
302 1971 494 2011 Germanis
530 1970 688 2008 disiecta
720 1970 857 2020 fuisse,
901 1969 1093 2009 Alisonem
1132 1973 1254 2009 autem
1294 1970 1489 2009 castellum
1524 1977 1589 2008 aut
1617 1981 1689 2008 non
1716 1970 1871 2008 dirutum
1894 1974 1959 2009 aut
1980 1970 2096 2008 denuo
2126 1981 2202 2007 ex-

253 2039 428 2075 structum
456 2048 478 2073 a
502 2035 693 2073 Romanis.
758 2035 864 2082 Ergo
897 2036 933 2072 in
963 2036 1110 2073 minutis
1144 2036 1217 2073 illis
1246 2036 1360 2073 rebus
1382 2035 1571 2072 Arminius
1599 2035 1737 2084 quique
1767 2036 1921 2083 imperio
1949 2036 2028 2072 eius
2057 2034 2203 2072 obtem-

255 2101 457 2152 perabant,
481 2097 681 2136 laureolam
711 2098 903 2147 quaesisse
921 2118 970 2125 -
990 2108 1012 2136 a
1038 2097 1171 2147 rebus,
1201 2108 1296 2148 quae
1316 2099 1357 2136 et
1370 2097 1621 2137 fortitudinem
1638 2099 1678 2136 et
1697 2099 1939 2137 constantiam
1956 2099 2200 2149 requirerent,

253 2164 384 2213 ignavi
417 2162 640 2200 abstinuisse
675 2161 859 2200 videntur.
925 2162 1067 2200 Postea
1102 2173 1181 2200 cum
1211 2160 1451 2200 Germanicus
1488 2161 1651 2200 secunda
1678 2162 1924 2210 navigatione
1953 2163 1999 2201 ad
2026 2162 2199 2201 Amisiam

253 2229 459 2278 pervectus
495 2228 601 2264 esset
617 2246 668 2253 —-
688 2237 753 2263 cur
780 2225 969 2263 Arminius
1008 2237 1081 2263 non
1117 2228 1271 2275 praesto
1305 2227 1419 2263 fuerit
1455 2226 1502 2262 ad
1528 2226 1738 2262 vexandum
1764 2226 1908 2263 hostem
1931 2227 2106 2275 ingentes
2131 2239 2200 2264 co-

254 2292 337 2342 pias
361 2290 396 2327 in
425 2292 561 2326 terram
591 2288 1135 2338 exponentemintelligimus:
1170 2291 1211 2328 at
1236 2300 1302 2327 cur
1326 2288 1581 2337 Angrivarios
1610 2288 1754 2327 vicinos
1781 2288 2050 2328 Cheruscorum
2078 2292 2201 2328 terrae

256 2358 295 2393 et
321 2354 487 2391 infensos
512 2352 688 2389 Romanis
715 2362 787 2388 non
814 2353 1053 2401 convocarit,
1090 2353 1160 2390 sed
1186 2353 1394 2403 prodiderit
1420 2352 1687 2403 quodammodo
1714 2352 1905 2403 hostibus,
1942 2354 2002 2405 qui
2028 2353 2200 2404 populum

257 2419 465 2465 desertum,
504 2427 584 2454 cum
617 2427 716 2453 arma
746 2418 875 2454 contra
901 2417 1089 2455 Romanos
1117 2420 1314 2467 parasset,
1352 2417 1433 2464 igni
1458 2418 1633 2466 ferroque
1662 2417 1896 2466 domuerunt,
1922 2420 2057 2456 l'rustra
2079 2429 2198 2467 quae-

254 2483 381 2520 rimus.
440 2477 559 2518 Paulo
586 2480 676 2529 post
707 2479 768 2517 uhi
804 2482 940 2530 pontes
966 2480 1124 2529 Visurgi
1162 2481 1335 2531 imposuit
1361 2479 1625 2530 Germanicus,
1660 2480 1746 2519 nihil
1773 2483 1875 2521 cavit
1898 2481 2103 2530 Arminius,
2139 2483 2201 2532 qui

254 2547 368 2584 multa
391 2544 546 2592 negotia
574 2543 767 2580 facessere
791 2546 942 2593 poterat
969 2544 1188 2584 Germanico
1212 2545 1388 2594 ingentes
1419 2545 1548 2595 copias
1571 2544 1778 2583 traiicienti.
1833 2546 1998 2597 Denique
2019 2546 2053 2583 in
2072 2557 2203 2596 pugna

254 2612 338 2660 ipsa
373 2619 445 2645 non
483 2609 584 2645 tanta
609 2606 797 2644 Arminius
831 2609 946 2647 utitur
982 2611 1228 2659 auctoritate,
1262 2612 1305 2647 ut
1337 2620 1428 2647 suos
1467 2610 1503 2646 in
1541 2609 1697 2646 saltibus
1722 2609 1871 2647 abditos
1899 2608 2032 2647 inillis
2059 2609 2203 2646 insidiis

254 2673 443 2714 continere
477 2672 656 2722 potuerit.
722 2670 804 2723 Qua
835 2670 1106 2712 Cheruscorum
1147 2674 1429 2724 intemperantia
1454 2673 1607 2712 Romani
1636 2672 1859 2725 callide-usi
1887 2672 2044 2712 celerius
2072 2673 2201 2711 victo-
