2452 3445
1070 191 1462 234 ...25-

276 318 427 358 eosdem
466 314 583 363 igitur
618 314 775 363 milites,
811 324 906 365 quos
944 312 1105 352 afflictos
1130 313 1329 362 naufragio
1365 315 1405 352 et
1432 313 1611 352 disiectos
1638 312 1701 351 vel
1729 313 1766 351 in
1792 315 1954 352 remotas
1980 314 2124 354 insulas
2154 317 2236 367 ipse

273 381 488 427 collegerat
517 380 558 415 et
588 376 806 415 reduxerat.
871 375 977 428 Quae
1007 376 1207 415 intervalla
1236 380 1442 427 temporum
1472 378 1504 413 si
1533 377 1895 426 computaverimus,
1924 377 2036 415 facile
2069 390 2238 429 appare-

272 445 329 483 bit
363 442 492 481 eodem
525 440 706 490 temporis
739 439 865 488 spatio
902 440 1073 477 votorum
1115 443 1323 491 compotem
1360 440 1617 479 Germanicum
1659 433 1783 489 usque'
1811 439 1857 476 ad
1895 439 2017 478 Albim
2052 443 2239 491 progredi

273 507 470 558 potuisse,
504 503 724 556 praesertim
759 513 838 541 cum
876 502 1013 552 duplici
1039 503 1199 542 victoria
1231 505 1339 554 parta
1365 502 1491 551 nulla,
1531 504 1571 540 ut
1599 502 1681 552 ipse
1712 502 1824 552 dicit,
1861 508 2106 553 superessent
2135 506 2238 545 bella

275 572 503 622 propiorque
532 568 644 606 Albis
668 569 774 604 esset
800 577 905 616 quam
934 564 1103 603 Rhenus.

406 633 594 685 Denique,
606 630 749 669 reducti
773 630 808 668 in
837 628 991 666 hiberna
1020 628 1178 679 milites,
1220 632 1395 682 quantum
1421 630 1505 681 quis
1535 629 1654 666 damni
1683 641 1753 667 non
1778 630 1914 669 fecerit
1941 630 2010 668 sed
2039 635 2237 682 professus

272 698 344 747 sit,
376 695 621 735 munificentia
654 692 832 733 Caesaris
867 693 1047 731 reiectum
1083 692 1285 732 laetantur.
1353 694 1469 743 Quam
1500 705 1570 731 nos
1596 693 1873 732 munificentiam
1903 694 2142 746 admiramur,
2181 702 2234 747 at,

270 762 303 799 si
334 772 427 799 vere
457 757 628 798 narravit
654 756 812 795 Tacitus
838 755 885 793 de
917 755 1068 803 ingenti
1096 757 1319 805 naufragio,
1345 758 1473 795 animis
1504 758 1702 807 concipere
1730 768 1802 795 nou
1826 769 2038 807 possumus.

394 824 590 861 Postremo
629 820 728 870 quod
767 818 1009 857 Germanicus
1052 829 1123 856 non
1163 819 1370 868 dubitavit,
1416 820 1502 869 quin
1534 820 1567 856 si
1603 820 1776 869 proxima
1811 822 1957 858 aestate
1991 832 2125 859 novam
2162 824 2232 862 sihi

270 888 404 926 liceret
443 885 719 934 expeditionem
747 882 942 931 suscipere
982 881 1153 929 „bellum
1181 883 1367 932 patrare“
1405 884 1559 931 posset:
1599 883 1828 922 mirabuntur
1856 884 1965 922 etiam
1994 885 2068 933 illi,
2107 888 2171 936 qui
2199 889 2234 925 in

272 950 393 990 verba
418 948 543 988 Taciti
582 947 704 986 iurant
730 956 931 997 omnesque
965 945 1169 994 victorias,
1206 945 1252 983 de
1288 944 1421 995 quibus
1448 944 1605 983 Tacitus
1635 947 1849 997 praedicat,
1888 958 1981 985 vere
2018 952 2233 999 reportatas

274 1015 445 1054 credunt.
507 1011 600 1048 Nam
638 1021 718 1048 curn
748 1009 989 1047 Germanicus
1023 1019 1096 1045 non
1130 1009 1247 1046 minus
1281 1009 1518 1056 maritimam,
1556 1020 1665 1058 quam
1702 1012 1918 1048 terrestrem
1957 1012 2231 1060 expeditionem

270 1079 417 1129 plenam
444 1074 698 1114 intellexisset
725 1072 854 1110 aleae:
886 1072 954 1109 vix
981 1073 1053 1109 tam
1082 1071 1323 1110 obcaecatum
1354 1072 1409 1108 ira
1436 1071 1555 1108 fuisse
1584 1082 1665 1108 eum
1686 1074 1970 1123 crediderimus,
1996 1077 2036 1113 ut
2055 1075 2101 1113 de
2120 1079 2231 1116 novis

272 1138 573 1191 expeditionibus
600 1138 670 1174 tam
696 1136 792 1173 bene
820 1135 998 1184 sperarit.

389 1212 511 1251 Multo
541 1210 669 1249 verius
699 1208 841 1247 crebris
873 1207 1048 1259 epistolis
1076 1207 1277 1246 Tiberius:

394 1276 526 1325 „satis
563 1275 642 1311 iam
676 1278 903 1320 eventuum,
955 1274 1052 1310 satie
1086 1284 1269 1309 casuum:
1312 1285 1356 1309 ee
1394 1274 1525 1310 novies
1562 1275 1602 1311 in
1643 1274 1892 1310 Germaniam
1922 1276 2079 1313 missum
2109 1279 2227 1328 plura

267 1341 422 1379 consilio
451 1351 565 1389 quam
591 1339 633 1375 vi
648 1338 889 1388 perfecisse:
912 1349 1026 1387 posse
1056 1337 1182 1374 hostes
1213 1338 1375 1373 internis
1402 1337 1603 1376 discordiis
1630 1338 1808 1388 relinqui.
1821 1337 1847 1358 ‘⁶

392 1421 474 1460 Nec
501 1419 608 1458 homo
640 1419 735 1457 alias
761 1417 1031 1457 simulationum
1061 1418 1332 1456 amantissimus
1359 1419 1551 1468 simulate,
1579 1422 1620 1458 ut
1640 1418 1797 1457 Tacitus
1829 1420 2020 1470 opinatur,
2052 1433 2099 1461 ea
2125 1425 2224 1462 scri-

265 1486 361 1537 psit:
387 1496 469 1523 nam
497 1483 560 1522 ille
586 1483 757 1522 diuturno
787 1493 859 1519 usu
889 1483 1149 1530 cognoverat,
1190 1492 1285 1531 quae
1316 1484 1451 1531 postea
1476 1483 1642 1521 omnibus
1670 1482 1788 1521 modis
1815 1483 2026 1522 confirmata
2052 1484 2226 1526 viderunt

267 1549 444 1597 Romani,
480 1547 664 1585 adversus
695 1545 903 1584 Germanos
931 1545 1040 1595 plura
1069 1544 1223 1583 consilio
1249 1556 1355 1595 quam
1389 1547 1427 1583 vi
1457 1547 1587 1596 perlici
1613 1558 1747 1597 posse.
1801 1546 1915 1599 Quam
1942 1550 2159 1588 senteutiam
2190 1552 2223 1589 si

269 1624 291 1650 a
313 1611 480 1649 ‘veritate
509 1610 664 1649 alienam
692 1608 898 1647 iudicasset
916 1607 1095 1656 Tacitus,
1122 1608 1205 1657 ipse
1232 1607 1303 1645 sibi
1333 1608 1601 1659 quodammodo
1627 1612 1882 1660 repugnaret:
1910 1622 1990 1648 nam
2022 1612 2057 1649 in
2081 1611 2224 1663 libello,

269 1687 376 1727 quem
405 1675 451 1713 de
480 1673 677 1713 Germania
701 1673 900 1724 separatim
931 1672 1107 1722 scripsit,
1146 1669 1234 1708 nihil
1271 1671 1458 1710 adversus
1488 1672 1692 1712 Germanos
1723 1675 1762 1711 vi
1789 1674 1919 1724 perlici
1946 1676 2112 1725 potuisse
2137 1677 2220 1726 ipse

264 1743 426 1789 fatetur,
463 1738 598 1777 additis
635 1737 764 1776 verbis
794 1736 1008 1788 „quippe
1046 1744 1199 1782 regno
1234 1733 1441 1774 Arsacis
1479 1738 1639 1776 acrior
1675 1740 1751 1776 est
1787 1737 2123 1778 Germanorum
2154 1740 2218 1778 li-

264 1805 445 1844 bertas.
501 1801 626 1841 Germ.
652 1798 719 1839 37.

389 1917 462 1957 lam
489 1927 584 1956 vero
611 1915 783 1968 quaestio
814 1914 994 1962 oboritur,

593 1988 777 2040 quomodo
813 1986 970 2025 Tacitus
995 1998 1020 2022 a
1044 1984 1207 2022 veritate
1236 1990 1315 2023 tam
1342 1987 1457 2037 longe
1484 1987 1682 2027 discedere
1700 1967 1923 2041 potuerit?

391 2062 463 2101 Est
495 2072 558 2100 res
593 2072 776 2098 concessa
804 2057 1116 2109 comprobataque
1155 2068 1338 2095 consensu
1373 2059 1529 2097 omnium
1567 2061 1647 2097 sere
1681 2061 1867 2109 virorum,
1906 2057 1968 2111 qui
1994 2061 2071 2098 acri
2094 2063 2218 2102 studio

265 2127 302 2165 in
329 2125 466 2165 litteris
484 2125 660 2163 Romanis
684 2125 832 2163 versati
858 2123 964 2171 sunt,
990 2120 1162 2159 Tacitum
1190 2121 1286 2159 inter
1314 2132 1441 2160 omnes
1466 2124 1674 2174 scriptores
1694 2125 1882 2163 Romanos
1909 2125 2083 2164 veritatis
2101 2127 2217 2167 ruisse

265 2190 588 2230 studiosissimum.
650 2187 746 2241 Quin
774 2186 932 2225 Tacitus
959 2184 1007 2222 ad
1034 2184 1234 2223 veritatem
1261 2195 1416 2224 narrare
1445 2187 1688 2237 voluerit,
1729 2189 1795 2226 vix
1825 2189 2019 2240 quisquam
2049 2190 2217 2231 dubitare

267 2265 461 2305 paucaque
489 2253 553 2291 illa
579 2252 684 2302 sequi
713 2251 812 2288 ausit
837 2249 1027 2296 vestigia,
1065 2257 1161 2297 quae
1200 2248 1372 2286 consulto
1398 2250 1568 2289 Tacitum
1597 2263 1619 2288 a
1647 2253 1811 2291 veritate
1838 2254 2063 2291 discessisse
2084 2257 2217 2294 osten-

266 2318 368 2357 dant.
429 2315 485 2355 At
519 2328 602 2354 num
637 2314 701 2353 ille
735 2313 781 2353 ad
811 2313 1007 2351 veritatem
1044 2320 1198 2349 narrare
1232 2313 1477 2361 potuerit,
1519 2314 1555 2352 id
1590 2314 1736 2365 quidem
1763 2316 1874 2355 salva
1904 2316 1968 2354 illa
1992 2320 2218 2367 reverentia,

266 2391 362 2430 quae
387 2378 523 2417 Tacito
559 2379 738 2427 debetur,
776 2386 959 2429 quaerere
985 2372 1127 2412 licebit.
1189 2373 1393 2412 Videamus
1419 2377 1536 2425 igitur
1563 2389 1661 2428 quae
1692 2379 1829 2418 ruerint
1857 2380 2115 2429 imwdimenta
2141 2394 2217 2421 ve-

264 2443 390 2482 ritatis
415 2444 478 2480 aut
505 2441 665 2480 allata
693 2441 1011 2479 extrinsecus
1039 2437 1104 2474 aut
1130 2436 1267 2475 intus
1293 2441 1420 2477 nata.

388 2523 449 2563 Ae
478 2523 629 2573 primum
656 2522 813 2561 Tacitus
836 2522 883 2560 de
906 2522 1090 2568 fontibus,
1128 2530 1179 2557 ex
1205 2520 1338 2571 quibus
1368 2520 1556 2570 hauserit,
1587 2534 1707 2572 pauca
1735 2526 1873 2562 tantum
1898 2523 2025 2563 tradit.
2095 2525 2219 2565 Puros

265 2586 513 2637 integrosque
549 2586 667 2624 fuisse
704 2586 773 2623 sub
811 2586 1036 2625 saevissimo
1064 2586 1266 2626 Caesarum
1299 2585 1455 2636 imperio
1484 2585 1639 2624 Tacitus
1675 2587 1758 2636 ipse
1794 2586 2060 2638 quodammodo
2084 2595 2218 2640 negat.

262 2650 347 2688 Non
381 2650 491 2689 facile
512 2648 717 2700 'quisquam
760 2660 811 2687 ex
851 2649 1005 2687 ducibus
1042 2649 1136 2701 ipsis
1172 2659 1234 2685 res
1268 2660 1289 2686 a
1318 2660 1361 2687 se
1395 2652 1531 2699 gestas
1572 2650 1618 2688 ad
1646 2650 1844 2688 veritatem
1868 2652 2055 2691 narrabat.
2114 2654 2220 2706 Quae

1771 2715 1797 2754 4
