2452 3445
1042 168 1435 213 —07—

376 292 437 330 Ex
456 292 592 330 ceteris
609 303 729 329 rerum
745 291 959 330 auctoribus
980 290 1025 331 C.
1038 290 1192 330 Plinium
1213 290 1421 329 Secundum
1441 292 1610 342 appello,
1632 302 1740 342 quem
1759 289 1915 331 Tacitus
1934 295 2103 344 tanquam
2120 297 2206 335 bel-

250 358 367 396 lorum
386 356 684 394 Germanicorum
701 356 920 404 scriptorem
939 355 1110 405 producit
1127 359 1261 395 testem
1282 357 1317 394 in
1336 356 1433 393 Anu.
1455 356 1492 405 1,
1524 356 1589 396 69.
1645 357 1682 394 ls
1699 368 1762 394 res
1793 369 1814 394 a
1834 357 2053 396 Germanico
2073 362 2207 406 gestas

251 419 537 467 diligentissime
554 419 699 470 quidem
719 419 938 470 collegisse,
958 422 998 459 at
1018 420 1190 458 veritatis
1208 419 1253 458 ad
1272 431 1433 458 normam
1453 431 1579 470 parum
1600 420 1803 469 diligenter
1820 422 2001 469 exegisse
2020 422 2208 461 videbitur

251 485 361 522 etiam
390 485 456 532 iis,
488 485 549 534 qui
578 494 674 534 quae
702 486 855 520 exstant
878 485 959 521 eius
989 496 1108 534 opera
1139 484 1201 521 vel
1226 484 1366 522 leviter
1382 484 1656 533 perlustrarint.
1702 485 1861 523 Uberius
1884 486 1929 523 ab
1960 497 2006 523 eo
2036 498 2099 524 res
2123 487 2208 525 illas

253 550 422 586 narratas
454 558 541 585 esse
561 558 611 584 ex
631 545 695 583 illo
712 545 795 595 ipso
817 546 902 585 loco
922 544 1039 596 (Ann.
1059 546 1090 595 1,
1117 545 1204 597 69.]
1234 546 1504 596 concludimus,
1536 547 1597 585 ubi
1621 546 1821 585 tradidisse
1840 547 1992 598 dicitur,
2018 551 2207 601 „Agrip-

251 612 371 661 pinam
403 612 501 662 apud
528 611 744 661 principium
772 611 897 660 pontis
922 611 1101 660 stetisse,
1133 611 1265 648 laudes
1296 615 1334 650 et
1361 615 1496 660 grates
1525 612 1694 649 reversis
1721 611 1934 659 legionibus
1960 612 2206 652 habentem-⁴⁴

376 676 498 713 Maior
534 686 625 711 sane
660 674 766 711 Plinii
802 676 837 711 in
865 674 933 712 hac
961 675 1141 712 bellorum
1168 676 1417 725 descriptione
1445 677 1646 725 apparebit
1672 676 1900 723 auctoritas,
1937 689 2044 726 quam
2072 679 2107 715 in
2136 691 2205 717 ce-

254 739 345 775 teris
374 740 509 776 rebus:
536 748 617 774 nam
648 749 727 775 cum
754 738 838 785 ipse
862 749 935 775 non
965 737 1082 775 solum
1110 738 1145 774 in
1166 737 1362 776 Germania
1388 741 1604 788 praefectus
1631 737 1736 785 alae,
1763 739 1830 775 sed
1848 740 1957 777 ctiam
1977 742 2011 778 in
2030 742 2206 792 Hispania

252 801 405 851 legatus
425 801 602 841 Caesaris
630 801 787 848 suisset,
815 805 853 839 et
880 813 1001 839 rerum
1030 803 1070 839 et
1094 800 1257 839 locorum
1288 814 1428 849 gnarus
1461 804 1579 840 fuisse
1608 801 1779 840 videtur:
1808 803 1928 841 atille
1947 816 2027 842 cum
2049 808 2204 855 septimo

254 866 396 903 demum
423 876 517 902 anno
541 869 629 914 post
654 864 811 901 reditum
842 864 1049 902 Germanici
1080 875 1130 901 ex
1159 864 1353 904 Germania
1382 868 1490 903 natus
1520 870 1644 914 esset,
1682 877 1762 904 cum
1791 868 1919 915 paucis
1947 870 2109 917 tantum,
2143 871 2205 920 qui

255 928 556 982 expeditionibus
590 928 798 966 Germanici
834 928 1101 975 interfuerant,
1139 930 1286 966 versari
1324 932 1475 978 poterat
1509 930 1714 979 eademque
1749 932 1789 967 et
1825 931 2042 968 credulitate
2070 935 2111 970 et
2139 944 2206 970 ce-

255 992 426 1041 leritate,
463 1003 534 1042 qua
565 1003 628 1029 res
656 991 768 1040 alias,
807 991 915 1029 etiam
937 1002 1005 1040 ea,
1038 1002 1133 1042 quae
1161 992 1208 1029 de
1243 993 1540 1042 expeditionibus
1566 993 1639 1030 illis
1668 996 1732 1031 aut
1761 994 1914 1042 legerat
1946 997 2009 1032 ant
2037 996 2206 1035 audierat

254 1060 401 1095 narrata
420 1068 442 1094 a
461 1056 636 1094 militibus
656 1055 875 1104 Germanici,
895 1056 1163 1106 perscripsisse
1180 1055 1260 1094 iure
1275 1056 1477 1095 videbitur.
1515 1056 1671 1107 Insuper
1691 1056 1772 1106 ille,
1792 1070 2033 1110 quaecunque
2051 1060 2206 1100 Romani

254 1134 334 1160 cum
363 1120 557 1160 Germanis
584 1123 787 1169 gesserant
809 1119 932 1169 bella,
963 1120 1130 1158 scribere
1160 1119 1305 1168 coepit,
1341 1132 1421 1158 cum
1452 1121 1487 1158 in
1513 1120 1709 1159 Germania
1736 1122 1930 1172 militaret,
1955 1126 2091 1163 somnio
2121 1138 2205 1164 mo-

255 1186 402 1223 niuisst‘
465 1184 601 1221 Astitit
635 1184 753 1231 enim,
782 1186 822 1220 ut
849 1183 943 1220 Plin.
974 1184 1009 1220 in
1039 1195 1100 1232 ep.
1128 1182 1188 1231 11,
1224 1182 1262 1220 5.
1286 1186 1433 1231 narrat,
1476 1185 1684 1234 quiescenti
1712 1185 1826 1222 Drusi
1850 1186 2011 1223 Neronis
2041 1189 2205 1237 effigies,

255 1251 316 1301 qui
344 1248 561 1289 Germaniae
592 1247 771 1286 latissime
798 1249 921 1286 victor
950 1247 1000 1285 ibi
1024 1248 1153 1297 periit:

382 1311 772 1362 „commendabat
804 1313 1068 1350 memoriam
1109 1322 1233 1348 suam
1271 1311 1564 1362 orabatque,
1608 1315 1653 1349 ut
1688 1323 1740 1349 se
1773 1313 1829 1349 ab
1858 1314 2040 1354 iniuria
2072 1318 2206 1356 obli-

256 1380 417 1417 vionis
444 1375 750 1415 assereret.“
1074 1381 1076 1383 “

376 1441 485 1480 Haud
523 1439 632 1477 dubie
660 1439 800 1477 Plinius
837 1437 1103 1488 superstitione
1139 1439 1261 1475 motus
1295 1437 1382 1475 nihil
1421 1438 1608 1488 antiquius
1644 1436 1830 1488 habebat,
1872 1451 1977 1489 quam
2011 1445 2051 1482 ut
2076 1445 2205 1485 laudes

257 1506 371 1545 Drusi
395 1506 552 1553 eiusque
580 1503 644 1540 filii
673 1514 781 1553 quam
810 1502 967 1539 maxime
995 1500 1224 1539 celebraret:
1250 1514 1330 1540 nam
1353 1513 1570 1552 quamquam
1598 1500 1776 1540 historias
1800 1503 2084 1551 religiosissime
2106 1510 2206 1547 scri-

256 1570 382 1620 psisse
417 1567 550 1604 dicitur
578 1565 693 1615 (Plin.
735 1576 797 1614 ep.
824 1564 880 1613 V,
907 1563 991 1615 80:
1029 1567 1151 1602 tamen
1190 1576 1253 1602 res
1288 1569 1422 1611 gestas
1459 1567 1494 1602 in
1522 1566 1638 1602 maius
1671 1566 1863 1604 celebrare
1888 1568 2040 1606 Romani
2065 1572 2206 1609 artibus

257 1633 431 1673 oratoriis
466 1630 670 1668 assuefacti
706 1629 759 1667 ita
795 1640 867 1666 non
905 1628 1156 1676 verebantur,
1195 1630 1237 1665 ut
1275 1628 1346 1677 ipsi
1384 1632 1596 1667 ornamenta
1637 1629 1782 1667 laudum
1823 1643 1966 1668 suarum
2005 1633 2049 1670 ab
2082 1635 2209 1673 amicis

257 1698 496 1748 expeterent,
538 1693 644 1731 velut
681 1705 703 1731 a
729 1692 865 1731 Tacito
895 1692 1035 1730 Plinius
1067 1691 1181 1729 minor
1209 1703 1271 1741 ep.
1298 1692 1390 1740 Vll,
1425 1691 1491 1731 33.
1521 1695 1644 1741 extra,
1684 1695 1746 1744 qui
1776 1696 1922 1745 quidem
1949 1708 2020 1733 non
2043 1699 2209 1747 postulat

258 1764 304 1802 ab
332 1763 472 1809 amico,
503 1762 543 1798 ut
573 1759 736 1798 excedat
766 1762 874 1797 actae
905 1758 960 1795 rei
979 1757 1144 1806 modum,
1173 1759 1333 1795 attamen
1353 1758 1450 1807 petit
1477 1760 1553 1807 „ut
1573 1757 1637 1795 ille
1665 1760 1924 1809 notiorem,
1953 1759 2207 1800 clariorem

257 1824 550 1869 maiorem
574 1834 650 1860 rem
678 1823 847 1860 faciat“:
874 1833 943 1860 nec
971 1823 1087 1859 minus
1115 1820 1270 1870 Cicero,
1294 1823 1354 1871 qui
1381 1833 1453 1859 non
1477 1823 1623 1859 veritus
1650 1826 1711 1861 est
1733 1823 1929 1862 Lucceium
1959 1824 2065 1861 etiam
2094 1828 2206 1877 atque

258 1892 368 1929 etiam
406 1898 568 1935 rogare,
606 1889 646 1924 ut
677 1887 714 1923 in
748 1886 921 1924 ornandis
959 1886 1073 1923 rebus
1109 1886 1233 1932 gestis
1268 1885 1380 1932 leges
1413 1886 1591 1924 historiae
1632 1887 1854 1935 negligeret
1888 1890 1999 1937 atque
2027 1889 2208 1928 amicitiae

260 1952 465 2005 plusculum
496 1951 627 1997 etiam,
667 1961 774 1999 quam
806 1948 1030 1986 concederet
1057 1949 1221 1996 veritas,
1249 1948 1465 1996 largiretur.
1519 1949 1580 1988 Cf.
1611 1949 1691 1988 Cic.
1722 1950 1768 1986 ad
1798 1951 1885 1988 sam.
1915 1950 1971 1999 V,
2001 1950 2065 1989 12.
2128 1953 2208 1992 Nec

261 2019 298 2056 in
329 2017 485 2054 mentem
526 2014 654 2049 venire
688 2014 841 2061 poterat
869 2011 1011 2058 Plinio,
1050 2011 1118 2047 sub
1150 2010 1314 2050 Claudio.
1343 2012 1407 2049 vel
1442 2012 1511 2049 sub
1543 2012 1693 2050 Nerone
1729 2013 1776 2050 de
1810 2013 1977 2051 laudibus
2005 2015 2210 2055 Germanici

261 2079 479 2126 detrahere,
508 2087 604 2126 quae
630 2086 672 2113 re
702 2086 796 2113 vera
826 2073 1053 2112 detrahenda
1076 2077 1197 2113 erant,

387 2144 482 2181 Tam
508 2140 638 2189 impuri
666 2139 784 2186 igitur
812 2140 996 2188 apparent
1021 2139 1165 2186 fontes,
1193 2150 1243 2174 ex
1273 2139 1407 2188 quibus
1432 2139 1660 2187 potissimum
1679 2139 1837 2177 Tacitus
1856 2140 2027 2178 hausisse
2047 2143 2207 2181 videtur.

387 2207 527 2257 Quibus
553 2216 605 2241 ex
631 2203 795 2240 sontibus
823 2215 896 2253 qua
922 2202 1012 2249 lege
1039 2214 1154 2250 usus,
1177 2214 1250 2251 qua
1278 2202 1496 2250 diligentia,
1535 2214 1608 2252 quo
1638 2205 1755 2242 animo
1784 2207 1821 2242 in
1845 2209 2038 2254 utramque
2069 2210 2210 2255 partem

262 2272 395 2312 ductus
419 2269 576 2309 Tacitus
604 2265 788 2316 hauserit,
814 2277 885 2305 non
910 2268 984 2305 tam
1011 2276 1062 2303 ex
1083 2265 1157 2304 illis
1187 2266 1302 2317 ipsis,
1333 2278 1426 2327 quas
1455 2267 1754 2318 percensuimus,
1786 2269 2070 2320 narrationibus,
2098 2283 2207 2322 quam

262 2348 315 2376 ex
342 2336 424 2373 aliis
451 2334 556 2371 libris
573 2331 697 2368 Taciti
720 2331 995 2377 cognoscimus.
1051 2330 1123 2382 Qui
1150 2334 1312 2379 negant,
1336 2329 1527 2377 Tacitum,
1554 2331 1671 2366 virum
1699 2332 1852 2379 ingenio
1880 2334 2046 2372 doctrina
2071 2336 2212 2374 virtute

264 2401 456 2447 eximium,
490 2399 526 2434 in
559 2396 807 2444 gravissimos
834 2406 984 2432 errores
1013 2393 1137 2432 delabi
1174 2395 1344 2443 potuisse
1374 2399 1412 2432 et
1437 2394 1629 2443 delapsum
1659 2409 1746 2434 esse
1774 2410 1842 2436 sua
1867 2399 1995 2448 culpa,
2021 2404 2211 2450 reputent,

264 2473 430 2517 quaeso,
462 2462 555 2512 quot
584 2461 816 2512 quantosque
835 2456 993 2497 Tacitus
1018 2456 1189 2495 hahuerit
1214 2468 1333 2496 rerum
1354 2456 1582 2497 Iudaicarum
1599 2461 1772 2497 auctores
1789 2459 2012 2500 ethabuerit
2031 2461 2149 2513 domi,
2178 2464 2214 2502 in

263 2529 377 2575 urbe,
412 2536 482 2575 per
509 2524 645 2560 multos
671 2534 787 2560 annos
807 2543 855 2549 -—-
878 2525 917 2559 et
946 2533 1051 2570 quam
1080 2523 1506 2559 temere—auctoribus
1535 2522 1608 2558 illis
1635 2524 1761 2559 mirum
1792 2525 1828 2561 in
1854 2526 1995 2562 modum
2024 2528 2214 2574 neglectis

266 2613 317 2620 —
345 2588 539 2628 tradiderit
566 2599 628 2624 res
665 2600 687 2625 a
716 2587 880 2625 veritate
909 2584 1173 2623 alienissimas:
1215 2585 1263 2622 cs.
1289 2597 1385 2635 quae
1412 2584 1613 2622 Meierotto
1644 2585 1690 2622 de
1719 2586 1881 2624 sontibus
1911 2589 2085 2641 disserit,
2120 2605 2216 2644 quos

266 2655 425 2693 Tacitus
457 2655 608 2690 secutus
638 2651 699 2687 sit.
753 2649 791 2686 ls
820 2650 919 2687 iusto
950 2648 1206 2688 vehementius
1232 2648 1396 2686 offensus
1424 2660 1561 2696 magna
1588 2649 1652 2686 illa
1677 2649 1803 2687 Taciti
1831 2652 1982 2703 incuria,

1744 2713 1804 2751 4*
