2452 3445
1018 140 1411 182 ...ξω-.-

357 268 497 320 Quibus
523 267 559 303 in
587 266 715 303 verbis
733 263 890 302 Tacitus
920 264 1030 313 plane
1059 263 1167 302 aliam
1196 263 1418 301 sententiam
1447 263 1493 301 de
1511 262 1676 301 Arminio
1698 264 1867 312 profiteri
1889 266 2057 314 videtur,
2087 277 2194 315 quam

233 332 309 372 illis
343 332 458 379 locis,
501 329 563 367 ubi
597 330 636 367 et
673 328 719 367 de
755 327 861 367 clade
900 327 1060 366 Variana
1094 327 1256 365 meminit
1291 327 1330 364 et
1367 325 1413 365 de
1453 327 1754 378 expeditionibus
1784 327 1993 370 Germanici
2027 330 2196 380 exponit.

234 399 303 437 His
333 397 424 434 enim
454 395 548 433 locis
577 392 767 431 Arminius
794 393 846 431 ita
870 405 942 430 non
968 391 1140 430 laudibus
1165 391 1338 438 effertur,
1376 393 1418 429 ut
1444 403 1563 441 saepe
1591 394 1631 430 et
1660 391 1880 441 prodItionis
1907 396 1945 431 ct
1973 394 2195 432 temeritatis

237 463 445 500 accusetur.
501 458 657 496 Primum
683 456 796 504 enim,
824 457 857 493 si
877 455 1065 494 Arminius
1095 466 1235 493 revera
1258 453 1429 493 simulata
1458 467 1527 504 per
1554 455 1707 503 longum
1736 458 1881 505 tempus
1911 458 2071 495 amicitia
2092 457 2199 494 dolos

236 525 433 564 nexuisset
467 521 680 570 varumque
718 521 822 557 tanta
860 522 941 557 arte
968 518 1194 567 fefellisset,
1235 520 1277 555 ut
1314 517 1376 554 ille
1415 529 1462 555 ne
1491 519 1652 567 Segesti
1694 520 1837 570 quidem
1873 518 2056 570 proditori
2091 519 2197 557 iidem

238 590 415 628 haberet:
451 588 556 624 esset
591 584 786 633 profecto,
816 583 913 632 quod
942 582 1098 620 Tacitus
1129 583 1318 619 val‘rarum
1347 582 1475 620 artium
1501 586 1697 621 accusaret
1721 584 1943 632 Arminium,
1983 596 2055 620 non
2082 587 2201 630 esset,

238 653 337 705 quod
366 664 388 690 a
409 649 564 689 Graecis
595 649 659 684 aut
676 645 850 684 Romanis
879 656 999 682 rerum
1029 645 1278 694 scriptoribus
1309 645 1540 694 postularet,
1569 649 1609 684 ut
1624 646 1795 685 laudibus
1816 646 2199 694 elferrentliominen1,

243 717 306 768 qui
348 715 452 753 ducis
489 711 546 748 sui
584 709 752 747 fiduciam
787 720 959 745 summam
986 708 1160 758 nullaque
1190 708 1400 758 proditione
1426 708 1687 748 labefactatam
1715 711 1929 749 fefellisset.
1998 709 2078 747 Nec
2107 721 2201 747 vero

247 791 344 830 quae
381 780 514 828 postea
538 773 695 813 Tacitus
734 772 780 810 de
807 771 972 810 ArminIo
1014 772 1147 820 tradit,
1187 771 1347 819 gloriam
1376 772 1494 821 illam,
1536 786 1607 823 qua
1639 774 1797 813 Tacitus
1837 788 1916 813 eum
1946 773 2017 812 hoc
2051 773 2136 811 loco
2165 777 2204 810 et

245 845 330 895 ipse
358 842 464 880 ornat
489 841 528 877 et
548 850 569 876 a
597 837 751 876 Graecis
776 835 1024 887 Romanisque
1054 835 1254 874 ornandum
1285 836 1403 873 fuisse
1432 837 1589 886 iudicat,
1619 839 1783 886 gig-nere
1814 842 2029 889 potuerunt.

374 905 477 956 Quas
505 903 597 938 enim
624 913 710 949 res,
740 901 773 936 si
800 899 956 936 Tacitus
982 910 1074 935 vere
1106 901 1255 947 narrat,
1285 899 1473 936 Arminius
1501 897 1658 948 gessit?

372 967 414 1005 ln
450 967 565 1016 prima
596 964 805 1004 Germanici
837 962 1100 1011 expeditione,
1138 963 1221 1000 dum
1249 963 1405 1001 Romani
1442 975 1580 1001 summa
1612 964 1833 1001 crudelitate
1865 965 1900 1001 in
1934 965 2084 1002 Marsos
2113 976 2204 1000 sae-

254 1033 374 1080 viunt,
405 1030 614 1076 Arminius,
641 1027 820 1067 Cherusci
839 1025 1004 1063 foederis
1034 1028 1163 1064 auctor
1182 1028 1221 1063 ct
1241 1025 1318 1063 dux
1332 1053 1343 1074 ,
1367 1027 1403 1063 in
1424 1026 1535 1063 rebus
1558 1026 1716 1075 privatis
1737 1031 1965 1077 occupatus,
1993 1028 2075 1065 dum
2096 1027 2205 1065 liliam

253 1095 435 1144 Segestis
463 1094 524 1132 alii
552 1094 700 1142 pactam
724 1091 846 1141 rapit,
875 1089 990 1139 (Tac.
1016 1088 1115 1127 Ann.
1135 1089 1174 1138 I,
1206 1088 1314 1140 550,
1342 1089 1430 1127 nihil
1458 1090 1505 1127 ad
1532 1089 1704 1128 tutandas
1731 1092 1902 1129 nationes
1931 1092 2084 1129 foedere
2112 1103 2205 1129 con-

252 1162 399 1198 iunctas
427 1168 582 1208 parasse
609 1155 773 1193 videtur.
847 1154 929 1203 Qua
957 1155 992 1191 in
1021 1165 1084 1201 re,
1121 1166 1200 1192 cum
1226 1154 1296 1191 vix
1327 1153 1546 1201 exspectari
1574 1157 1706 1201 posset
1732 1156 1923 1192 exercitus
1954 1157 2121 1193 seditiosi
2152 1156 2208 1192 ir-

254 1224 400 1275 ruptio,
441 1221 472 1259 si
499 1229 684 1258 excusare
722 1216 951 1255 voluerimus
980 1217 1167 1265 incuriam,
1195 1227 1268 1254 non
1296 1227 1484 1255 excusare
1512 1217 1739 1267 poterimus,
1774 1217 1873 1268 quod
1902 1218 2012 1257 etiam
2040 1218 2210 1268 proximo

253 1300 349 1326 anno
372 1285 472 1324 nulla
497 1281 683 1333 praesidia
700 1282 851 1330 paravit
877 1281 922 1318 ad
943 1281 1118 1319 tutandos
1139 1279 1320 1329 Chattos,
1348 1281 1384 1317 in
1408 1292 1502 1331 quos
1523 1280 1698 1329 Romani,
1727 1281 1852 1330 posito
1874 1282 2031 1319 castello
2058 1307 2082 1331 „
2097 1292 2210 1333 super

254 1352 422 1399 vestigia
461 1347 605 1386 veteris
642 1344 855 1395 praesidii“
889 1345 925 1382 in
953 1344 1085 1382 Tauno
1117 1347 1263 1393 monte,
1303 1347 1376 1381 tam
1413 1345 1522 1382 facile
1549 1345 1726 1383 invadere
1753 1356 1868 1394 posse
1897 1346 2141 1393 videbantur,
2174 1349 2215 1382 ut

256 1416 398 1456 omnino
420 1423 492 1451 non
518 1409 794 1457 intelligamus,
822 1418 886 1447 cur
918 1406 1065 1447 Chattis
1094 1407 1287 1457 improvisi
1315 1406 1520 1445 advenisse
1550 1408 1730 1447 dicantur.
1784 1407 1921 1447 Narrat
1943 1407 2099 1447 Tacitus
2115 1407 2213 1447 Ann.

257 1481 297 1529 1,
329 1478 421 1527 56.,
441 1475 609 1513 voluisse
640 1472 854 1510 Cheruscos
886 1472 1087 1509 subvenire
1103 1471 1272 1520 Chattis,
1300 1471 1367 1508 scd
1396 1471 1601 1510 exterritos
1628 1482 1715 1510 esse
1744 1472 1912 1513 exercitu
1937 1470 2123 1511 Caecinae
2142 1471 2213 1511 buc

258 1545 344 1581 illuc
373 1553 473 1579 arma
496 1538 671 1575 ferentis:
703 1540 741 1572 at
770 1536 807 1572 id
836 1537 955 1583 ipsum
984 1537 1122 1573 crimini
1151 1536 1331 1571 vertimus
1350 1534 1536 1582 Arminio,
1564 1537 1662 1584 quod
1690 1537 1777 1582 ille,
1804 1538 1867 1586 qui
1887 1547 1980 1573 anno
2000 1538 2086 1573 ante
2105 1536 2213 1572 Mar-

260 1619 324 1646 sos
352 1604 477 1643 socios
503 1598 667 1638 foederis
694 1598 840 1647 impune
865 1609 1073 1649 oppressos
1101 1595 1261 1645 viderit,
1290 1608 1362 1634 non
1390 1597 1593 1646 collegerit
1620 1600 1846 1649 exercitum,
1874 1599 1921 1637 ad
1947 1609 2087 1637 saevas
2109 1599 2214 1636 eius-

260 1670 358 1709 modi
380 1665 603 1716 irruptiones
634 1664 698 1700 aut
723 1661 974 1711 prohibendas
1001 1663 1065 1700 aut
1092 1660 1338 1698 ulciscendas.
1401 1661 1498 1712 Quid
1534 1661 1635 1712 quod
1664 1673 1710 1699 nc
1739 1674 1841 1699 suum
1868 1662 2013 1712 quidem
2041 1661 2217 1712 populum

260 1733 357 1772 tueri
383 1730 547 1780 poterat.
601 1725 761 1764 Caecina
790 1728 942 1763 coercet
972 1725 1187 1764 Cheruscos
1215 1726 1288 1773 ita,
1317 1726 1358 1763 ut
1384 1736 1453 1763 nec
1481 1725 1528 1763 ad
1554 1724 1772 1764 Chattorum
1800 1726 1942 1764 cladem
1970 1725 2216 1764 ulciscendam

262 1794 447 1850 progredi
474 1803 542 1830 nec
573 1801 701 1828 manus
734 1800 932 1828 conserere
962 1790 1136 1829 audeant.
1198 1789 1376 1828 Profecto
1405 1789 1595 1828 Arminius
1620 1788 1708 1827 nihil
1732 1790 1989 1839 praevidisse,
2031 1789 2119 1828 nihil
2147 1803 2217 1828 ca-

262 1864 390 1909 visse,
422 1856 510 1896 nihil
552 1865 665 1893 ausus
702 1864 788 1891 esse
828 1854 991 1893 videtur.
1057 1854 1203 1906 Quanto
1240 1853 1443 1893 alacriores
1482 1856 1521 1892 et
1558 1854 1737 1893 fortiores
1767 1857 1948 1905 apparent
1972 1853 2111 1903 Marsi,
2145 1855 2217 1905 qui,

264 1934 476 1978 quamquam
498 1930 592 1957 anno
622 1920 708 1955 ante
740 1917 867 1955 afflicti
895 1920 933 1955 et
961 1919 1140 1967 prostrati
1172 1921 1299 1967 eraut,
1327 1918 1504 1956 celeriter
1525 1916 1712 1956 Caecinae
1741 1929 1783 1955 se
1801 1918 1975 1956 obiiciunt
2008 1930 2076 1956 nec
2104 1929 2218 1967 proe-

264 1991 349 2028 lium
378 1984 605 2026 committere
636 1978 835 2019 verentur!
891 1980 1049 2031 Insuper
1075 1980 1263 2019 Arminius
1293 1993 1339 2020 ne
1368 1981 1415 2019 de
1443 1981 1565 2020 reditu
1590 1980 1734 2031 quidem
1764 1980 1969 2021 Germanici
1993 1985 2057 2022 aut
2083 1982 2129 2021 de
2152 1983 2217 2021 iti-

267 2063 357 2092 nere
393 2051 428 2087 iu
455 2047 667 2087 Cheruscos
703 2055 818 2082 verso
851 2045 1052 2094 quidquam
1089 2044 1380 2094 exploraverat,
1418 2045 1470 2082 ita
1507 2046 1549 2083 ut
1585 2044 1740 2082 Romani
1776 2045 1921 2094 impune
1957 2046 2005 2083 ad
2038 2046 2219 2093 Segestis

268 2128 391 2156 arcem
420 2113 639 2163 penetrare,
677 2107 901 2146 obsessores
925 2107 1128 2158 repellere,
1156 2108 1359 2156 Segestem
1400 2108 1635 2159 clientesque
1671 2109 1751 2146 eius
1776 2108 1937 2148 liberare
1974 2112 2084 2160 atque
2112 2111 2220 2149 etiam

269 2189 424 2219 uxorem
444 2173 596 2214 Arminii
622 2182 758 2221 rapere
785 2173 956 2221 possent.
1013 2171 1187 2210 Perfecta
1215 2172 1355 2211 demum
1385 2183 1449 2221 re,
1480 2172 1699 2211 detrimento
1729 2173 1870 2222 pariter
1891 2184 1935 2212 ac
1952 2173 2137 2213 dedecore
2152 2187 2221 2214 ac-

268 2246 380 2293 cepto
418 2241 604 2277 excitatus
640 2247 709 2285 per
745 2236 854 2273 vicos
891 2238 930 2272 et
967 2246 1093 2283 pagos
1125 2236 1259 2274 volitat
1293 2237 1463 2285 inanique
1499 2248 1620 2274 rerum
1653 2237 1766 2273 multo
1795 2225 1882 2274 ante
1916 2238 2117 2286 perfidiose
2144 2251 2223 2287 ge·-

267 2312 405 2346 starum
432 2301 630 2341 iactatione
664 2300 747 2349 ipse
776 2298 821 2336 de
851 2310 892 2336 se
923 2298 1117 2348 praedicat
1140 2299 1259 2350 deque
1290 2299 1495 2338 Germanici
1521 2299 1647 2348 gloria
1678 2299 1791 2337 rebus
1818 2300 1854 2337 in
1873 2299 2061 2340 Pannonia
2085 2314 2222 2340 summa

270 2373 411 2410 virtute
439 2366 562 2415 gestis
588 2366 699 2413 parta
728 2361 925 2401 detrahere
954 2362 1080 2401 audet.
1145 2362 1201 2401 At
1229 2363 1367 2401 dixerit
1395 2364 1552 2402 forsitan
1583 2363 1785 2414 quispiam,
1821 2364 1989 2403 nationes
2017 2364 2226 2404 Germano-

269 2448 347 2474 rum
378 2431 569 2471 Cherusco
605 2428 761 2464 foedere
799 2428 1015 2465 coniunctas
1045 2427 1299 2465 crudelissima
1328 2427 1537 2465 Marsorum
1566 2428 1672 2466 clade
1700 2427 1856 2465 nondum
1886 2439 1937 2465 ex
1963 2440 2092 2466 somno
2116 2431 2226 2467 exci-

271 2502 370 2538 tatas
405 2505 492 2534 esse
528 2503 670 2543 quaque
708 2490 845 2529 fuerint
881 2494 920 2529 et
953 2490 1102 2530 licentia
1138 2492 1178 2529 et
1203 2490 1380 2529 tarditate
1412 2492 1565 2542 imperio
1590 2491 1746 2529 Arminii
1777 2494 1839 2529 aut
1869 2492 1967 2530 iusto
1996 2492 2136 2530 tardius
2164 2497 2227 2532 aut

272 2561 414 2601 omnino
443 2569 514 2595 non
543 2556 839 2605 obtemperasse.
904 2553 1079 2593 Profecto
1103 2555 1192 2593 mira
1220 2554 1416 2594 celeritate
1443 2566 1537 2593 anno
1564 2556 1650 2592 ante
1677 2554 1868 2604 Bructeri,
1907 2555 2105 2605 Usipetes,
2139 2556 2225 2595 Tu-

271 2627 405 2664 bantes
434 2621 557 2658 audita
587 2620 701 2658 caede
732 2618 941 2656 Marsorum
971 2620 1197 2668 congregati
1229 2623 1348 2658 erant.
1405 2618 1485 2657 Nec
1517 2629 1610 2670 quae
1641 2622 1842 2670 sequuntur
1869 2618 1944 2656 ulla
1974 2622 2037 2658 aut
2057 2618 2228 2659 licentiae
