2452 3445
1059 153 1419 195 —5—

220 314 225 318 .
249 280 290 317 et
317 289 339 315 a
369 274 483 314 sociis
509 272 753 311 Romanorumn
780 273 852 312 iam
879 274 990 312 antea
1015 274 1174 315 turbatis
1199 274 1466 316 circumclusae
1493 275 1624 325 eraut,
1651 274 1705 313 ita
1732 275 1774 312 ut
1799 274 2006 325 proximum
2034 278 2074 314 et
2100 288 2197 325 gra-

247 340 425 381 tissimum
450 335 630 375 silvarum
656 337 870 387 perfugium
900 338 1032 388 petere
1058 348 1131 377 non
1159 333 1346 390 possent?

373 401 480 449 Ergo
508 399 748 438 Germanicus
784 401 850 438 aut
886 399 1023 439 densas
1059 401 1145 440 illas
1180 401 1339 440 hostium
1368 402 1548 440 catervas
1575 401 1649 439 sibi
1672 401 1781 440 finxit
1804 403 1869 441 aut
1894 402 2010 440 arte-
2037 401 2201 451 impera-

246 467 378 507 toriam
407 464 518 517 plane
545 463 743 514 neglexit,
768 474 1000 515 progressus
1023 476 1093 517 per
1118 464 1239 503 saltus
1263 466 1374 516 parte
1401 464 1593 503 exercitus
1617 464 1654 503 in
1674 476 1812 514 magno
1829 463 2035 503 discrimine
2051 463 2202 503 relicta.

371 529 559 570 Ludenius
592 527 737 579 quidem
765 528 802 566 in
835 527 992 568 historia
1025 541 1094 568 sua
1129 529 1394 570 Germanorum
1429 530 1563 579 aperta
1592 529 1658 569 illa
1691 529 1798 579 loca,
1837 530 1874 567 in
1909 539 2003 579 quae
2029 528 2203 580 propulsi

244 596 321 633 sint
346 593 499 642 hostes,
526 591 710 640 intelligit
737 591 842 642 loca,
877 604 949 631 non
979 595 1202 642 retrorsum,
1239 593 1308 631 sed
1340 605 1511 644 prorsum
1537 591 1601 644 (nt
1625 594 1679 632 ita
1701 590 1841 644 dicam)
1869 604 1985 630 versa
2011 593 2201 643 interpre-

232 661 348 699 Qtatus
373 656 494 696 verba
528 654 719 704 „donec
754 666 922 704 agmen
951 668 1039 707 per
1062 656 1220 696 saltus
1246 656 1628 707 porrigeretur,
1667 656 1867 706 immoti,
1906 655 2015 694 dein
2039 655 2202 695 latera

245 725 295 762 et
320 722 528 761 frontem
557 719 744 759 modice
767 721 1080 761 assultantes
1105 723 1214 760 tota
1242 722 1295 759 vi
1326 721 1630 760 novissimos
1658 719 1966 770 Incurrere“,
2000 719 2071 770 „fo
2096 721 2201 773 lange

244 789 314 828 bas
341 786 433 835 {mr
460 784 564 833 batti>
590 782 657 824 ben
684 783 795 835 filiali>
820 796 903 837 gog,
943 784 1090 834 {tannen
1118 782 1174 825 bie
1200 783 1386 835 Zeun'dnn
1415 784 1660 838 unbemegiid).
1716 786 1786 827 ‘lim
1809 786 2011 838 fflussgnnge
2036 783 2202 833 beficiisen

242 851 396 901 madyten
423 849 469 899 stc
495 845 561 895 aui
585 845 651 886 ben
680 845 839 889 Qotttab
866 848 926 889 bet
951 848 1085 890 ffibmet
1111 846 1211 887 einen
1238 846 1377 897 Ieidyteu
1405 847 1611 900 ‘iingtiff—
1621 849 1705 899 nuci)
1735 848 1802 897 auf
1825 847 1880 888 bie
1899 848 2029 891 &eiten
2057 848 2201 889 mutben

244 915 359 965 &idne
390 912 511 960 &ulfic
538 908 710 962 getidnet.
775 912 845 952 Qus
878 911 962 952 chet
990 911 1051 952 het
1076 912 1159 964 81¹ss
1191 921 1280 964 gang
1308 916 1379 951 nus
1407 912 1485 952 bem
1511 912 1641 954 {Bothe
1667 913 1801 964 bctouss
1832 922 1930 961 mot,
1975 911 2110 960 marien
2139 912 2201 961 fid>

244 978 299 1019 bic
328 976 515 1025 Zeutid>cu
541 972 609 1013 mit
636 973 751 1014 nosscn
784 974 928 1023 Ξΰίαήῖοιι
955 974 1022 1023 auf
1045 974 1101 1014 bic
1128 973 1313 1025 biittctsteu
1342 975 1569 1024 Ztumoenf‘

370 1039 452 1092 Qua
483 1038 520 1076 in
550 1037 856 1088 interpretatione
881 1038 1037 1089 primum
1065 1037 1103 1076 id
1129 1036 1302 1086 offendit,
1343 1038 1442 1089 quod
1469 1038 1643 1078 Germani
1674 1039 1811 1078 immoti
1836 1038 1990 1077 stetisse
2014 1037 2198 1093 dicuntur,

240 1106 325 1143 dum
351 1102 507 1143 Romani
543 1102 616 1140 iter
641 1113 711 1151 per
741 1101 864 1140 silvas
892 1102 1033 1140 emensi
1059 1103 1211 1140 essent:
1247 1112 1329 1138 nam
1353 1103 1522 1151 constat,
1552 1114 1671 1153 saepe
1697 1115 1720 1142 a
1751 1102 1945 1142 Germanis
1971 1100 2122 1151 hostes,
2159 1104 2202 1141 ut

240 1170 276 1207 iu
315 1166 497 1218 paludes,
532 1166 588 1204 sic
616 1166 728 1204 etiam
757 1166 794 1203 in
822 1165 943 1205 silvas
982 1167 1125 1205 tractos
1155 1166 1337 1215 tamquam
1362 1165 1399 1202 in
1429 1164 1514 1204 loca
1539 1165 1733 1205 Germanis
1760 1165 2093 1217 opportunissima,
2129 1177 2200 1204 nec

240 1232 352 1270 ullum
381 1229 592 1268 inveniatur
618 1228 830 1278 exemplum
857 1240 1033 1279 pugnae,
1059 1239 1136 1280 qua
1159 1227 1213 1265 illi
1241 1238 1293 1265 ex
1319 1227 1430 1265 silvis
1457 1228 1494 1265 in
1522 1232 1656 1279 aperta
1679 1229 1812 1268 hostes
1832 1228 2074 1279 pellexerint.
2112 1230 2197 1269 Ta-

239 1296 336 1334 citus
372 1292 518 1345 quidem
544 1292 644 1331 Ann.
676 1292 734 1342 11,
767 1291 831 1332 14.
869 1294 1034 1331 oratoria
1076 1292 1213 1331 aetatis
1250 1302 1343 1329 suae
1382 1294 1465 1331 arte
1493 1293 1674 1344 abreptus
1702 1293 1866 1332 ostendit
1903 1305 2012 1342 „non
2046 1305 2197 1344 campos

238 1358 347 1397 modo
372 1356 477 1395 militi
507 1356 674 1395 Romano
702 1355 752 1394 ad
778 1355 960 1407 proelium
986 1355 1129 1405 honos,
1157 1354 1247 1404 sed,
1278 1354 1311 1392 si
1339 1355 1433 1394 ratio
1464 1356 1585 1406 adsit,
1612 1357 1732 1396 silvas
1762 1356 1968 1397 etsaltus:
2009 1368 2078 1397 nec
2104 1359 2197 1396 enim

237 1423 413 1461 immensa
449 1419 691 1459 barbarorum
726 1420 857 1469 scuta,
892 1429 1062 1458 enormes
1099 1416 1230 1457 hastas
1259 1418 1357 1456 inter
1392 1421 1544 1459 truncos
1574 1421 1745 1460 arborum
1773 1423 1815 1460 et
1840 1422 1953 1459 enata
1977 1418 2086 1459 humo
2115 1422 2197 1458 vir-

237 1487 344 1535 gulta
371 1484 536 1535 perinde,
551 1484 703 1534 haberi,
733 1495 843 1535 quam
870 1483 948 1534 pila
971 1486 1012 1522 et
1040 1483 1194 1532 gladios
1216 1486 1256 1523 et
1282 1483 1476 1523 haerentia
1503 1485 1653 1535 corpori
1679 1484 1894 1534 tegmina“:
1924 1485 1964 1521 at
1978 1483 2090 1534 paulo
2108 1486 2197 1524 ante

235 1550 336 1588 Ann.
363 1546 413 1597 11,
440 1546 479 1585 5.
504 1558 721 1586 concessam
750 1547 850 1585 illam
883 1547 1234 1598 comprobatumque
1263 1549 1429 1586 omnibus
1456 1548 1633 1588 Romanis
1649 1548 1872 1587 sententiam
1888 1548 2035 1598 profert
2057 1548 2196 1597 „fundi

236 1614 442 1653 Germanos
467 1611 548 1650 acic
575 1613 615 1650 et
643 1611 755 1649 iustis
780 1610 896 1659 locis,
922 1610 1045 1649 luvari
1074 1610 1206 1660 silvis,
1233 1610 1479 1661 paludibus“.

357 1673 502 1714 Deinde
535 1674 572 1712 in
597 1686 644 1712 eo
679 1674 778 1712 haud
800 1674 912 1712 dubie
939 1676 1043 1713 errat
1068 1675 1128 1712 vir
1159 1674 1208 1713 cl.
1239 1675 1340 1725 quod
1364 1677 1635 1727 interpretatur
1673 1702 1699 1725 „
1710 1676 1768 1715 ‹11ss
1798 1673 1881 1714 abet
1910 1674 1970 1714 bct
1994 1675 2074 1726 3¹1ss
2101 1686 2192 1727 goir,

235 1745 304 1780 αιιῧ
332 1738 410 1779 hem
436 1737 566 1779 &Boibe
594 1738 729 1790 bemus
760 1747 855 1786 mat,
896 1736 942 1777 bu
979 1737 1112 1786 marien
1143 1738 1204 1789 sid)
1232 1738 1288 1779 bic
1315 1739 1501 1791 Zcutscben
1529 1739 1597 1781 mit
1621 1738 1738 1779 nonen
1767 1737 1910 1787 &inficit
1943 1738 2009 1787 auf
2035 1738 2089 1779 bic
2116 1738 2194 1789 bitu

234 1804 356 1853 tetstcn
376 1801 600 1854 ἶτιψυοιιῇ(
628 1813 711 1840 nam
736 1802 770 1839 si
794 1803 911 1842 totum
934 1813 1071 1850 agmen
1099 1802 1171 1841 iam
1203 1804 1422 1843 emersisset
1440 1816 1491 1842 ex
1511 1804 1644 1852 silvis,
1669 1803 1850 1853 postremi
1867 1813 1945 1848 ¹non
1973 1803 1985 1840 i
1994 1814 2016 1840 n
2043 1815 2100 1853 ap
2113 1814 2193 1841 er-

231 1871 278 1907 ta
319 1866 558 1914 redigere
591 1865 806 1915 potuissent
836 1864 1003 1914 hostem,
1045 1866 1083 1904 in
1116 1868 1250 1917 aperto
1287 1879 1417 1917 campo
1449 1867 1640 1906 Romanos
1672 1876 1923 1914 aggressum,
1969 1877 2038 1905 nec
2070 1866 2193 1915 simul,

232 1934 274 1970 ut
304 1930 460 1969 Tacitus
492 1927 614 1977 addit,
655 1928 889 1979 „primum
930 1940 1099 1977 agmen
1136 1930 1295 1970 silvas
1332 1931 1587 1971 evadere“
1621 1929 1833 1981 potuisset,
1870 1940 1921 1966 ex
1956 1930 2114 1980 quibus,
2153 1932 2195 1967 ut

230 1994 416 2035 Ludenius
442 1992 591 2040 narrat,
618 1991 688 2029 iam
717 1994 1010 2041 postremum
1039 1996 1438 2041 agmenemersisset.

353 2056 441 2096 Alia
465 2054 610 2094 ratione
637 2052 883 2096 difficultates
914 2067 1036 2094 rerum
1064 2058 1211 2096 evitare
1238 2059 1366 2098 studet
1394 2058 1682 2098 Doederleinius
1713 2057 1760 2095 ad
1786 2055 1822 2094 h.
1847 2056 1894 2106 1.,
1920 2056 1984 2108 qui
2014 2056 2133 2095 verba

442 2118 617 2172 „simul
641 2120 782 2169 primi
806 2121 1052 2170 agminis“
1080 2123 1200 2161 mutat
1226 2122 1262 2161 in
1290 2124 1473 2173 „simul
1500 2124 1670 2175 primis
1701 2121 1992 2178 agminum‘fi

230 2185 293 2223 vel
322 2186 475 2223 inverso
504 2195 557 2222 ex
581 2193 682 2221 more
707 2183 833 2225 Taciti
862 2184 990 2224 ordine
1018 2186 1219 2225 verborum

279 2255 283 2260 ·
876 2248 1083 2299 „primis
1114 2249 1252 2288 simul
1280 2251 1550 2299 agminum“

231 2314 270 2351 et
297 2311 490 2359 coniungit
518 2322 598 2350 cum
625 2310 906 2362 superioribus,
933 2323 1007 2350 non
1034 2324 1115 2352 cum
1142 2315 1416 2365 posterioribus
1443 2315 1592 2354 verbis:
1631 2313 1888 2353 vicesimanos
1915 2312 2032 2362 igitur
2059 2315 2190 2351 censet

229 2375 445 2414 coniunctos
472 2386 554 2412 cum
580 2374 708 2424 primis
738 2377 946 2414 ceterorum
969 2377 1156 2424 agminum
1188 2377 1330 2417 cladem
1354 2379 1525 2418 intulisse
1549 2378 1760 2419 Germanis.

353 2436 409 2475 At
441 2429 602 2486 primum
627 2437 845 2476 vicesimani
882 2438 977 2488 soli,
1014 2450 1086 2477 non
1115 2441 1222 2491 primi
1247 2441 1381 2492 quique
1406 2446 1614 2481 ceterorum
1638 2443 1848 2493 agminum,
1881 2450 1905 2477 a
1928 2438 2095 2478 Caesare
2125 2439 2186 2477 in·

228 2501 400 2540 flammati
437 2502 629 2540 exarsisse
667 2513 815 2554 unoque
853 2503 1001 2554 impetun
1027 2507 1241 2555 perruptum
1273 2504 1420 2545 hostem
1453 2507 1489 2546 in
1526 2510 1660 2559 aperta
1697 2505 1898 2554 redegisse
1935 2506 1975 2543 et
2001 2503 2188 2543 cecidisse

228 2564 420 2604 dicuntur:
450 2564 583 2604 deinde
608 2575 707 2617 quae
732 2566 902 2617 sequitur
929 2568 1093 2607 narratio

645 2627 825 2679 „Copiae
855 2640 1017 2669 evasere
1043 2631 1162 2669 silvas
1189 2634 1390 2684 castraque
1418 2633 1744 2674 communivcre;“
