2452 3445
1016 155 1386 197 -5—

222 275 408 326 ademptis
442 273 572 313 verbis
607 274 752 325 „simul
789 275 894 326 primi
926 276 1122 325 agminis“
1160 276 1322 330 abrupta
1343 279 1519 330 profecto
1545 289 1749 330 parumque
1774 279 1977 330 perspicua
2006 283 2085 331 est,
2108 293 2189 320 cum

225 338 368 377 frustra
402 348 645 390 quaeramus,
698 350 794 389 quae
830 339 964 389 copiae
1002 342 1211 380 evaserint.
1276 341 1448 393 Denique
1483 354 1557 380 non
1590 345 1775 395 apparet,
1822 354 1887 381 cur
1921 345 2029 393 primi
2054 346 2190 396 quique

223 406 428 441 ceterorum
459 402 644 450 agminum
679 403 781 440 missi
811 403 886 441 sint
913 403 961 441 ad
985 404 1225 454 repellendos
1247 404 1393 445 hostes.
1456 406 1615 458 Insuper
1644 407 1798 448 eaedem
1825 407 1908 446 fere
1935 407 2191 461 relinquuntur

223 465 487 515 difficultates,
520 478 615 517 quas
646 478 760 515 supra
787 468 1072 517 proposuimus,
1108 470 1179 508 nisi
1205 470 1361 520 copias,
1400 481 1498 521 quae
1525 470 1700 510 evasisse
1726 471 1897 510 dicuntur
1918 482 1941 510 e
1964 472 2097 523 silvis,
2126 474 2189 512 in-

222 528 427 578 telligimus
464 541 593 568 omnes
625 530 776 580 copiaS,
813 531 925 570 etiam
961 541 1048 580 eas,
1086 542 1183 583 quae
1222 532 1270 571 ad
1311 532 1457 572 hostem
1491 533 1747 583 repellendum
1784 534 2087 588 caedendumqne
2124 548 2192 575 re-

222 592 358 630 missae
385 594 505 632 erant.

349 657 512 695 Postero
540 668 635 694 anno
671 658 864 696 exercitus
892 659 929 695 in
962 657 1125 697 hibernis
1151 660 1318 697 resectus
1343 659 1482 697 maiore
1508 658 1645 699 fiducia
1670 660 1774 699 initio
1802 662 1906 700 veris
1935 661 2069 711 raptim
2094 660 2192 699 edu-

224 721 320 760 citur
349 721 387 759 in
415 720 586 760 Chattos.
649 721 790 772 Quibus
825 732 871 759 ne
899 722 992 761 socii
1031 722 1300 770 subvenirent,
1333 721 1577 762 Germanicus
1607 722 1796 764 Caecinae
1830 724 1982 765 tradidit
2011 726 2186 776 quattuor

221 785 413 834 legiones,
460 785 621 836 quinque
667 785 900 823 auxiliarium
943 785 1043 824 milia
1088 788 1128 824 et
1163 786 1420 824 tumultuarias
1467 788 1648 825 catervas
1684 787 1948 827 Germanorum
1997 789 2186 827 sinistram

222 848 343 886 Rheni
379 849 496 897 ripam
533 848 788 886 incolentium:
832 849 915 897 ipse
947 848 1102 886 totidem
1136 849 1334 897 legiones,
1377 849 1526 898 duplum
1566 850 1752 887 sociorum
1789 863 1976 888 numerum
2010 850 2118 888 duxit
2151 851 2188 887 in

226 912 381 950 Chattos
413 923 483 960 per
508 913 709 960 regiones,
746 923 840 961 quas
877 911 1057 962 quondam
1081 912 1187 961 Ubii,
1230 911 1363 950 deinde
1400 911 1625 951 transductis
1654 913 1760 951 Ubiis
1792 914 1830 952 in
1854 914 2042 952 sinistram
2068 911 2187 951 Rheni

226 976 339 1027 ripam
387 972 515 1015 Chatti
560 977 807 1026 occuparant,
857 976 897 1014 at
940 974 1169 1026 reliquerant
1212 976 1354 1024 territi,
1407 977 1448 1014 ut
1489 975 1564 1014 Dio
1608 974 1767 1015 Cassius
1807 980 1935 1016 narrat
1977 976 2082 1026 LIV,
2119 975 2186 1014 36.

225 1040 476 1088 munimentis,
512 1050 609 1088 quae
644 1039 813 1082 Drusus,
846 1039 1056 1079 Germanici
1083 1043 1214 1089 pater,
1256 1042 1292 1077 in
1327 1040 1461 1078 Tauno
1491 1040 1761 1079 collocaverat.
1830 1041 1937 1092 Quae
1968 1041 2188 1078 munimenta

222 1103 348 1143 Chatti
386 1115 451 1142 cur
484 1105 575 1153 post
609 1103 753 1143 cladem
783 1102 982 1142 Varianam
1014 1115 1086 1142 non
1124 1103 1291 1143 funditus
1330 1102 1539 1142 everterint
1575 1113 1645 1142 nec
1675 1102 1829 1143 relictas
1856 1103 2037 1153 regiones
2064 1103 2184 1142 denuo

222 1168 460 1218 occuparint,
506 1178 558 1205 ex
592 1168 847 1217 perpetuitate
881 1167 944 1206 illa
978 1169 1145 1206 fortasse
1177 1168 1425 1216 intelligitur,
1468 1178 1540 1217 qua
1571 1168 1793 1205 munimenta
1828 1167 1950 1206 Rheni
1984 1167 2186 1219 Moenique

220 1244 301 1271 cum
326 1231 446 1269 Tauni
475 1232 707 1270 munimentis
731 1231 993 1270 cohaerebant.
1048 1231 1132 1269 Non
1160 1231 1310 1280 singula
1339 1229 1465 1268 Taciti
1492 1229 1633 1280 verba,
1667 1234 1707 1270 at
1737 1232 1859 1270 series
1886 1232 2086 1270 verborum
2116 1233 2183 1272 ob-

220 1297 319 1344 stat,
346 1294 536 1345 quominus
564 1294 685 1332 diruta
712 1306 759 1332 ea
786 1296 903 1333 fuisse
931 1295 1189 1333 coniiciamus:
1218 1306 1301 1332 nam
1321 1294 1479 1331 Tacitus
1507 1295 1679 1341 vestigia
1715 1298 1854 1332 tantum
1884 1295 1984 1332 illius
2005 1297 2185 1344 praesidii

219 1360 500 1406 commemorat,
537 1361 578 1396 at
608 1359 654 1396 de
684 1359 842 1397 castello
869 1370 1019 1408 „super
1048 1359 1221 1406 vestigia
1253 1358 1317 1396 illa
1344 1356 1470 1406 posito
1484 1355 1510 1378 “
1537 1357 1593 1396 sic
1620 1359 1840 1397 mentionem
1868 1359 1982 1408 l'acit,
2012 1362 2054 1399 ut
2078 1361 2185 1411 quasi

219 1424 255 1461 in
282 1422 412 1460 itinere
441 1422 576 1472 raptim
604 1422 767 1472 positum
796 1422 972 1460 videatur
999 1420 1072 1472 (cs.
1096 1420 1196 1458 Ann.
1227 1420 1257 1469 l,
1284 1419 1389 1469 56.].

340 1484 383 1522 ln
419 1484 660 1534 expeditione
688 1485 771 1535 ipsa
799 1486 949 1535 primum
975 1485 1148 1533 offendit,
1191 1485 1288 1535 quod
1322 1483 1450 1524 Chatti
1478 1481 1566 1520 nihil
1592 1483 1745 1522 cavisse
1772 1483 1962 1523 dicuntur:
2002 1497 2083 1524 nam
2114 1487 2182 1536 illi,

217 1549 363 1589 etiamsi
391 1548 550 1586 nondum
589 1552 671 1588 arte
709 1549 775 1587 illa
810 1549 959 1588 militari
995 1549 1123 1587 imbuti
1159 1549 1344 1598 fuissent,
1383 1558 1456 1598 qua
1491 1549 1649 1596 postea,
1686 1549 1727 1585 ιιι
1756 1546 1911 1585 Tacitus
1948 1548 2123 1598 perhibet
2145 1550 2180 1587 in

218 1614 342 1655 Germ.
380 1611 456 1663 39,
495 1616 649 1664 praeter
684 1624 811 1657 omnes
838 1612 1104 1652 Germanorum
1138 1613 1309 1650 nationes
1348 1611 1609 1661 excellebant,
1648 1612 1768 1648 tamen
1801 1610 1947 1658 ingenti
1972 1611 2181 1651 Marsorum

216 1679 323 1718 clade
359 1677 481 1715 territi
513 1678 653 1715 animos
682 1677 780 1715 baud
806 1676 917 1713 dubie
945 1677 1183 1715 attenderant
1219 1678 1265 1715 ad
1294 1677 1450 1716 consilia
1481 1676 1707 1723 Germanici,
1744 1675 1790 1713 de
1818 1676 1972 1725 quibus,
2008 1689 2089 1715 cum
2116 1677 2181 1716 ille

217 1744 264 1782 ad
297 1740 499 1781 reficienda
536 1741 758 1779 munimenta
787 1741 908 1790 patris
942 1740 978 1777 in
1008 1739 1140 1778 Tauno
1167 1741 1290 1779 monte
1318 1738 1515 1779 nonnullos
1543 1740 1647 1778 certe
1677 1738 1759 1777 dies
1785 1740 2034 1779 commoratus
2062 1742 2181 1791 esset,

216 1807 288 1847 vix
315 1805 492 1845 videntur
522 1803 639 1844 celari
664 1804 847 1855 potuisse.
910 1802 1056 1842 Deinde
1084 1804 1181 1855 quod
1209 1803 1367 1842 Tacitus
1394 1814 1466 1841 non
1492 1813 1811 1853 supervacaneum
1839 1803 1940 1839 ducit
1966 1804 2180 1857 ostendere,

217 1874 315 1910 metu
352 1872 475 1908 motos
499 1869 665 1906 cessisse
692 1867 874 1915 Chattos,
915 1879 987 1904 non
1014 1870 1055 1905 ut
1079 1868 1233 1905 insidias
1260 1870 1449 1906 struerent
1474 1867 1672 1915 Romanis,
1706 1867 1813 1905 iidem
1839 1868 1953 1916 facit,
1990 1879 2062 1906 non
2091 1871 2178 1908 tan-

215 1939 310 1984 tum,
336 1935 510 1984 quantum
529 1931 687 1970 Tacitus
720 1931 946 1980 ostenderit,
974 1931 1091 1968 fuisse
1118 1931 1370 1980 expeditionis
1396 1932 1586 1968 eventum.
1640 1930 1813 1981 Denique
1835 1931 1924 1969 mira
1940 1930 2053 1981 plane
2076 1935 2177 1980 sunt,

215 2009 451 2051 quaecunque
468 1994 625 2035 Tacitus
653 1995 701 2033 de
731 1994 872 2032 Marsis
899 1993 970 2032 hoc
996 1993 1080 2032 loco
1107 1996 1247 2033 narrat.
1300 1993 1394 2031 Nam
1419 1994 1573 2044 primum
1589 1993 1729 2044 Marsi,
1761 1994 1822 2045 qui
1840 2005 1935 2032 anno
1953 1997 2040 2033 ante
2056 2006 2177 2045 paene

215 2061 331 2101 deleti
358 2061 605 2108 videbantur,
631 2059 756 2098 subito
785 2058 1024 2096 reviviscunt
1050 2060 1089 2096 et
1116 2060 1189 2096 tam
1221 2056 1338 2095 validi
1367 2060 1572 2108 apparent,
1601 2060 1644 2096 ut
1669 2057 1749 2096 cum'
1770 2057 1955 2108 Caecina,
1983 2059 2047 2110 qui
2066 2062 2176 2110 quat—

213 2127 300 2163 tuor
327 2123 524 2172 legiones,
553 2123 717 2173 quinque
748 2122 846 2160 milia
874 2121 1059 2159 sociorum
1084 2123 1125 2159 et
1150 2121 1406 2160 tumultuarias
1425 2121 1689 2160 Germanorum
1718 2122 1851 2172 copias
1875 2121 2049 2170 ducebat,
2081 2134 2177 2160 con-

213 2189 324 2237 gredi
358 2188 534 2226 audeant.
598 2186 824 2239 Quamquam
858 2184 946 2234 quid
980 2181 1170 2221 miramur!
1225 2183 1309 2222 Non
1350 2184 1469 2223 solum
1497 2184 1617 2223 Marsi
1642 2186 1878 2225 reviviscunt
1903 2187 1968 2224 aut
1993 2188 2096 2225 certe
2125 2197 2177 2224 ex

212 2251 356 2301 ingenti
383 2249 491 2289 clade
519 2248 712 2287 celerrime
750 2249 992 2297 recreantur,
1018 2247 1087 2285 sed
1122 2248 1231 2285 etiam
1256 2247 1470 2296 Ansibarii,
1504 2259 1600 2298 quos
1626 2248 1726 2286 Ann.
1754 2248 1811 2296 11,
1839 2248 1899 2286 1-2.
1931 2249 1971 2285 et
1992 2247 2082 2297 xli,
2109 2247 2176 2286 56.

211 2326 260 2352 ιιι.
281 2314 493 2352 exstinctos
512 2314 651 2361 narrat,
681 2311 910 2360 Sygambri,
927 2321 1022 2360 quos
1041 2310 1175 2359 partim
1194 2310 1340 2348 deletos
1358 2312 1492 2360 partim
1510 2312 1546 2347 in
1567 2311 1753 2348 sinistram
1772 2310 1893 2349 Rheni
1909 2311 2026 2360 ripam
2047 2314 2176 2350 trans-

212 2378 342 2416 ductos
363 2376 498 2425 tradit,
527 2376 599 2413 etsi
616 2374 739 2412 nullas
760 2375 796 2411 in
813 2374 939 2412 Taciti
956 2372 1154 2411 Germania
1173 2373 1286 2411 sedes
1304 2374 1504 2424 accipiunt,
1522 2373 1760 2412 reviviscunt
1776 2374 1898 2412 tamen
1916 2373 1952 2411 in
1970 2375 2176 2424 posterum,

212 2444 252 2480 et
274 2451 364 2492 prae
391 2440 529 2478 ceteris
546 2439 740 2488 Bructeri,
767 2439 829 2489 qui
854 2449 927 2476 non
949 2439 990 2474 ut
1006 2435 1126 2475 Marsi
1144 2435 1469 2476 vehementissime
1491 2436 1620 2476 afflicti
1636 2436 1912 2488 prostratique,
1939 2437 2009 2476 sed
2029 2437 2178 2487 penitus

211 2504 331 2543 excisi
355 2502 526 2543 dicuntur
561 2502 646 2542 sub
679 2501 888 2554 imperio
916 2499 1184 2539 Domitiani
1224 2500 1305 2539 vel
1328 2499 1524 2538 Nervae
1565 2500 1609 2538 in
1637 2504 1911 2552 conspectu
1935 2500 2175 2539 Romano-

210 2582 289 2609 rum
317 2568 387 2621 (εἴ.
419 2569 515 2608 Tac.
544 2568 716 2607 German.
750 2580 783 2607 c.
813 2564 923 2616 33.),
950 2564 1074 2604 subito
1103 2566 1173 2604 iam
1201 2566 1270 2603 sub
1300 2565 1454 2604 Traiani
1482 2564 1636 2615 imperio
1666 2564 1903 2604 reviviscunt
1927 2566 1967 2602 et
1991 2566 2065 2603 tam
2092 2565 2174 2603 l're-

210 2636 368 2688 quentes
404 2636 611 2684 apparent,
651 2636 693 2671 ut
726 2643 823 2681 rege
858 2632 1021 2679 egeant,
1069 2632 1109 2668 et
1147 2633 1222 2669 tam
1258 2628 1510 2679 formidolosi,
1544 2630 1586 2667 ut
1620 2627 1811 2668 Vestricio
1845 2627 2076 2678 Spurinnae,
2111 2629 2174 2682 qui
