2452 3445
228 292 401 335 Germani
435 290 667 341 conspiciunt
702 292 916 340 tropaeum,
951 289 1156 328 edocentur
1196 289 1243 327 de
1278 290 1444 340 superbo
1485 290 1631 340 tropaei
1669 289 1799 338 titulo,
1840 289 2093 327 exardescunt
2119 291 2186 340 ira,

226 370 328 398 arma
356 355 524 404 rapiunt,
554 354 754 392 Romanum
783 363 919 400 agmen
948 352 1247 401 aggrediuntur,
1276 354 1450 400 turbant,
1477 353 1667 391 Romanos
1699 353 1848 392 trahunt
1866 354 1902 391 in
1921 353 2042 392 locum
2062 354 2188 402 aptum

227 419 395 468 insidiis,
434 417 567 469 quibus
602 415 735 454 hostes
769 413 1034 454 clrcumclusos
1064 414 1181 453 deleri
1210 425 1327 466 posse
1356 419 1523 467 sperant.
1579 416 1649 455 Ubi
1679 417 1827 456 tandem
1853 419 1958 455 eraut
1983 411 2188 455 Germani?

227 484 297 537 Qui
327 482 469 532 „abire
504 480 657 518 sedibus
694 479 934 528 parabant“‚
981 480 1137 517 nondum
1174 480 1406 532 reliquerant
1440 481 1579 518 sedes:
1616 482 1678 532 qui
1716 484 1910 531 tropaeum
1939 481 2186 530 conspiciunt,

227 559 300 586 non
341 546 474 596 procul
512 545 666 583 absunt:
705 543 765 593 qui
795 545 1009 592 tropaeum,
1046 543 1149 582 cuius
1179 543 1364 593 adspectu
1391 544 1677 590 inflammantur,
1717 556 1789 583 non
1817 548 2014 594 evertunt,
2047 545 2115 583 sed
2145 546 2187 582 ut

228 613 403 649 evertant
433 609 576 649 hostem
606 606 908 655 aggrediuntur,
935 605 1079 645 hostem
1108 619 1230 657 prope
1254 610 1445 658 tropaeum
1469 606 1567 645 haud
1586 606 1698 645 dubie
1725 609 1932 647 inveniunt.
1986 609 2050 647 Sic
2068 608 2186 656 igitur

227 677 270 713 et
287 674 458 714 Germani
487 674 523 711 in
551 671 629 709 suis
659 669 812 707 sedibus
839 671 1089 720 permansisse
1119 673 1159 709 et
1182 671 1338 710 Romani
1368 682 1488 722 prope
1517 673 1712 721 tropaeum
1739 672 1828 710 illud
1855 672 2067 710 commorati
2096 682 2183 709 esse

226 750 296 778 nec
330 750 468 787 magno
507 738 573 775 aut
608 736 682 774 loci
724 737 788 772 aut
822 735 1001 784 temporis
1037 734 1238 771 intervallo
1272 735 1469 774 interiecto
1507 735 1554 772 ab
1591 734 1713 773 altera
1749 736 1796 772 ad
1828 736 1983 774 alteram
2019 747 2181 785 pugnam

230 803 414 843 transisse
445 800 633 840 videntur.
687 797 757 851 Qui
784 797 896 836 multo
924 798 1040 836 maius
1067 798 1107 834 et
1134 797 1312 847 temporis
1340 800 1381 837 et
1404 797 1476 837 loci
1507 797 1667 848 spatium
1695 798 1793 836 inter
1811 801 2003 851 utramque
2021 810 2181 850 pugnam

229 866 491 906 intercessisse
523 863 769 911 arbitrantur,
810 861 845 898 iu
872 861 1001 899 verbis
1027 860 1152 898 Taciti
1183 862 1251 898 vix
1280 873 1385 899 unum
1412 862 1644 911 „agminis“
1675 862 1829 899 verbum
1861 864 2073 912 invenient,
2110 874 2182 914 quo

228 933 413 978 nitantur,
448 930 660 977 frustraque
694 927 872 976 quaerent
910 928 951 963 et
973 936 1040 963 eur
1065 936 1137 962 non
1164 926 1374 965 everterint
1400 926 1572 964 Germani
1611 927 1768 963 invisum
1806 927 1897 965 illud
1932 931 2124 977 tropaeum
2162 939 2184 964 a

225 995 401 1034 Romanis
427 993 615 1032 desertum
644 991 683 1029 et
708 1001 773 1029 cur
804 987 962 1026 Tacitus
989 998 1063 1025 non
1088 988 1265 1037 narrarit,
1298 988 1362 1027 illo
1391 990 1515 1039 spatio
1544 990 1724 1039 temporis
1752 994 1927 1030 vastatos
1953 1003 2089 1040 agros,
2120 991 2181 1028 in-

225 1070 339 1098 censa
376 1056 564 1103 aedificia,
599 1064 707 1091 sacra
744 1052 902 1103 profana
937 1053 1075 1089 mixta:
1111 1052 1210 1102 quod
1247 1052 1392 1102 quidem
1422 1051 1580 1090 Tacitus
1608 1063 1788 1103 nunquam
1817 1056 2100 1104 praetermittit,
2140 1057 2181 1093 ut

225 1120 421 1168 ostendat,
460 1128 533 1156 non
568 1117 708 1155 frustra
746 1115 952 1154 exercitum
991 1115 1122 1154 exisse
1154 1115 1202 1154 ad
1230 1115 1478 1155 ulciscendam
1503 1114 1594 1152 Vari
1625 1115 1782 1154 cladem.
1836 1116 1896 1156 Cf.
1924 1118 2021 1156 Anu.
2048 1118 2084 1167 l,
2110 1117 2178 1156 51.

225 1186 275 1223 in.
305 1184 345 1233 I,
374 1182 439 1222 56.
464 1183 512 1219 in.
549 1180 586 1230 Ι,
609 1179 682 1229 60,
712 1180 752 1217 2.
778 1177 818 1217 3.
859 1178 917 1227 11,
947 1177 993 1228 8,
1023 1177 1064 1217 3.
1104 1179 1159 1230 ΙΙ,
1189 1178 1254 1228 25,
1285 1179 1324 1217 2.
1377 1179 1484 1226 Ergo
1510 1181 1692 1217 aestatem
1721 1183 1786 1218 aut
1810 1182 1879 1218 iam
1904 1185 1990 1218 ante
2020 1183 2177 1231 priorem

224 1260 389 1299 pugnam
427 1245 587 1285 adultam
622 1244 718 1283 vidit
751 1242 992 1282 Germanicus
1023 1243 1193 1295 inanique
1232 1242 1430 1283 iactatione
1461 1242 1651 1281 consilium
1689 1243 1780 1282 illud
1818 1257 1937 1296 usque
1975 1245 2022 1282 ad
2054 1245 2177 1284 Albim

224 1310 493 1363 progrediendi
520 1307 803 1360 pronunciavit,
838 1309 922 1355 aut,
951 1305 1050 1358 quod
1077 1318 1207 1356 pamm
1233 1306 1396 1345 felic-lter
1422 1309 1661 1355 pugnaverat
1682 1318 1813 1356 pugna
1841 1311 2074 1358 posteriore,
2104 1309 2176 1347 ad-

225 1376 336 1413 ultam
363 1375 479 1411 ruisse
506 1374 688 1410 aestatem
716 1371 835 1417 finxit,
867 1372 907 1407 ut
935 1372 975 1407 et
997 1370 1161 1407 dedecus
1180 1372 1219 1408 et
1246 1370 1500 1406 detrimentum
1523 1372 1717 1418 acceptum
1736 1371 1892 1409 celaret.
1949 1373 2176 1424 Quaeramus

223 1440 364 1487 igitur,
405 1449 485 1476 cum
523 1435 722 1474 intervalla
753 1437 977 1482 temporum,
1012 1444 1109 1483 quae
1136 1433 1173 1470 in
1199 1432 1440 1482 expeditione
1466 1434 1659 1483 paranda,
1698 1435 1734 1472 in
1771 1436 1903 1473 itinere
1929 1440 1968 1474 et
1992 1436 2173 1474 maritimo

229 1507 269 1545 et
298 1502 468 1543 terrestri
495 1499 686 1549 faciendo,
714 1499 750 1536 in
779 1497 904 1549 priore
920 1496 1233 1546 Angrivariorum
1255 1495 1467 1536 defectione
1483 1497 1698 1537 ulciscenda
1718 1502 1936 1551 consumpta
1956 1500 2048 1548 sint,
2074 1498 2176 1537 nullo

223 1568 369 1608 modulo
407 1566 524 1604 metiri
560 1564 769 1614 possimus,
810 1564 985 1612 quantum
1013 1561 1191 1611 temporis
1220 1562 1481 1611 praeterierit,
1519 1563 1732 1612 priusquam
1760 1564 2001 1603 Germanicus
2027 1565 2176 1612 milites,

226 1645 321 1685 quos
357 1631 482 1670 statim
517 1631 553 1667 in
577 1628 732 1666 hiberna
759 1626 939 1665 reducere
966 1625 1160 1675 voluerat,
1195 1636 1335 1663 revera
1358 1625 1563 1663 reduxerit.
1629 1626 1713 1679 Qua
1741 1628 1885 1678 quidem
1913 1630 1948 1667 in
1979 1632 2175 1679 computa-

223 1700 324 1737 tione
360 1695 500 1733 frustra
527 1691 627 1743 apud
655 1690 826 1728 Tacitum
855 1690 960 1729 certa
985 1688 1186 1741 quaedam,
1223 1688 1446 1739 definitaque
1480 1690 1684 1739 temporum
1715 1691 1917 1732 intervalla
1945 1694 2174 1744 quaerimus:

225 1761 295 1800 sed
327 1759 505 1796 universe
531 1758 654 1795 tamen
682 1755 805 1804 spatia
834 1754 947 1792 rebus
968 1765 1056 1790 mox
1072 1756 1113 1793 et
1129 1753 1303 1793 toleratis
1329 1756 1369 1790 et
1385 1753 1510 1800 gestis
1530 1755 1649 1792 metiri
1670 1756 1890 1805 poterimus.
1942 1757 2002 1795 Ac
2022 1758 2173 1806 primum

222 1827 358 1877 pontes
370 1850 382 1872 ,
407 1833 477 1872 per
494 1832 588 1871 quos
608 1819 801 1857 exercitus
821 1820 861 1856 et
882 1815 1073 1865 Visurgim
1093 1820 1134 1856 et
1151 1817 1329 1855 Amisiam
1347 1816 1549 1855 transierat
1566 1818 1767 1866 praesidiis
1786 1819 1980 1869 impositis,
2001 1820 2174 1868 integros

222 1889 403 1929 mansisse
431 1885 682 1934 legionesque
718 1882 827 1920 brevi
853 1881 1034 1930 temporis
1061 1880 1186 1930 spatio
1213 1880 1371 1918 navibus
1401 1880 1597 1929 impositas
1624 1894 1711 1920 esse
1739 1884 2002 1932 concedamus,
2039 1896 2172 1934 quam·

221 1965 327 2007 quam
361 1953 420 1990 tot
450 1947 631 1986 hominum
668 1955 921 1997 equorumque
960 1943 1056 1981 milia
1094 1946 1134 1982 et
1174 1943 1221 1980 ad
1261 1940 1333 1981 iter
1370 1943 1577 1982 faciendum
1618 1948 1659 1985 et
1692 1946 1738 1984 ad
1770 1958 1889 1985 naves
1919 1947 2175 1986 ascendendas

221 2029 295 2056 non
323 2017 375 2055 ita
399 2023 523 2064 parvo
552 2014 721 2062 tempore
748 2009 852 2048 abuti
880 2007 1015 2046 solent.
1066 2006 1142 2045 lam
1170 2009 1378 2057 tempestas
1394 2007 1721 2049 vehementissima
1741 2012 1865 2050 subito
1895 2016 2029 2051 exorta
2048 2015 2174 2062 rapuit

221 2082 439 2129 disiecitque
465 2086 606 2114 naves:
633 2084 730 2123 quae
757 2072 1044 2122 irrumpentibus
1070 2071 1178 2108 undis
1204 2073 1381 2110 oneratae
1405 2074 1447 2110 ut
1467 2071 1705 2123 levarentur,
1735 2076 1846 2125 equi,
1874 2076 2054 2125 iumenta,
2083 2089 2170 2115 sar-

223 2147 350 2194 cinae,
385 2142 494 2181 etiam
531 2148 631 2177 arma
663 2137 699 2174 in
726 2147 826 2174 mare
863 2134 1218 2185 praecipitabantur.
1282 2135 1506 2189 „Quanto
1541 2137 1816 2177 violentior
1850 2142 2022 2179 cetero
2061 2143 2170 2179 mari

224 2212 442 2249 Oceanus
481 2205 529 2242 et
564 2199 866 2240 truculentia
909 2197 1040 2236 coeli
1074 2201 1309 2248 praestat
1346 2199 1620 2250 Germania,
1668 2205 1845 2241 tantum
1884 2203 1969 2241 illa
2004 2205 2171 2243 clades

222 2272 442 2314 novitate
488 2269 536 2305 et
576 2262 909 2313 magnitudine
951 2262 1196 2310 excessit,
1252 2260 1524 2301 hostilibus
1572 2265 1747 2303 circum
1794 2266 2046 2305 littoribus
2092 2272 2173 2309 aut

224 2340 292 2377 ita
320 2334 469 2373 vasto
497 2332 547 2370 et
573 2326 812 2381 profundo
831 2326 965 2375 mari,
993 2324 1296 2364 uteredatur
1312 2328 1625 2366 novissimum
1657 2341 1709 2368 ac
1728 2330 1832 2368 sine
1852 2332 2053 2370 terris-‘⁶
2108 2332 2171 2371 Cf.

222 2402 322 2440 Ann.
349 2396 407 2445 ll,
432 2394 470 2431 ’2.

345 2459 538 2508 Ingentem
573 2456 691 2504 igitur
727 2453 870 2493 cladem
906 2453 1100 2502 acceptam
1136 2452 1401 2500 cognoscimus
1441 2466 1493 2493 ex
1528 2454 1604 2494 illis
1641 2455 1770 2494 verbis
1797 2455 1936 2495 Taciti.
1998 2457 2053 2496 At
2077 2470 2175 2509 quae

182 2530 187 2534 “
221 2526 448 2577 sequuntur,
480 2530 553 2558 non
580 2519 634 2556 ita
661 2529 832 2566 magnam
859 2517 977 2554 fuisse
1003 2515 1102 2554 illam
1131 2514 1272 2553 cladem
1301 2516 1503 2555 ostendere
1532 2518 1724 2557 videntur:
1759 2531 1841 2558 nam
1871 2520 2026 2559 Tacitus
2054 2534 2173 2572 par-

220 2594 313 2630 tem
339 2587 520 2627 tantum
547 2582 735 2620 navium
762 2580 1000 2630 haustam,
1029 2578 1200 2630 plures
1227 2580 1328 2630 apud
1354 2580 1497 2620 insulas
1517 2580 1669 2630 longius
1688 2582 1784 2621 sitas
1803 2583 1945 2622 eiectas
1966 2587 2005 2624 et
2038 2591 2174 2627 aestu

219 2653 473 2693 relabente
501 2649 690 2697 ventoque
719 2645 946 2683 secundante
982 2656 1134 2683 naves
1174 2643 1308 2683 alias
1347 2656 1457 2683 raro
1493 2646 1701 2694 remigio
1740 2650 1822 2685 aut
1849 2648 2053 2688 intentis
2083 2663 2174 2690 ve-
