2452 3445
1040 143 1436 184 -22—

263 263 318 313 ll,
359 262 422 301 14.
464 260 583 311 extr.)
620 261 868 310 „propiorem
907 262 977 299 iam
1006 261 1156 312 Albim,
1198 275 1308 315 quam
1339 263 1508 304 Rhenum
1529 276 1651 318 neque
1688 266 1824 305 bellum
1853 268 1971 320 ultra,
2012 270 2143 309 modo
2173 281 2225 309 se

262 329 422 379 patris
461 324 721 374 patruique
759 325 981 372 vestigia
1014 329 1304 375 prementem
1334 328 1510 367 iisdem
1545 330 1767 368 interris
1795 331 2033 372 victorem
2062 334 2224 372 siste--

263 390 403 432 rent“
424 409 473 416 —
494 387 556 438 qui
583 386 702 435 igitur
727 386 841 437 paulo
863 389 951 427 ante
979 388 1169 428 consilium
1199 390 1465 441 pronunciarat
1492 391 1540 431 ad
1564 391 1690 431 Albim
1712 393 1982 444 progrediendi
1998 417 2046 424 —
2070 395 2223 448 duplici,

266 458 306 493 ut
332 455 467 500 iactat,
501 452 662 488 victoria
689 454 905 500 reportata,
936 451 1130 502 hostibus,
1165 457 1206 492 ut
1233 455 1369 503 iactat,
1394 455 1531 494 deletis
1558 466 1632 493 non
1656 457 1901 506 progreditur
1926 459 1973 495 ad
2004 459 2152 509 Albim,
2177 471 2224 499 ne

266 520 512 559 commoratur
545 515 687 566 quidem
725 516 761 553 in
795 514 955 554 hostium
984 519 1105 565 terra,
1147 520 1190 556 ut
1227 518 1357 557 eadem
1391 519 1456 557 illa
1491 519 1738 569 crudelitate,
1780 533 1851 572 qua
1878 522 1975 572 apud
2004 523 2156 574 Marsos
2187 528 2226 563 et

266 582 364 634 apud
384 580 565 628 Chattos,
591 590 702 617 senes
729 579 903 618 mulieres
928 580 1088 619 infantes
1107 581 1289 631 trucidet,
1318 582 1486 622 aedificia
1502 582 1695 632 incendat,
1715 595 1834 632 agros
1855 584 2054 635 devastet,
2083 599 2223 637 pecora

267 646 454 687 exercitui
488 643 585 683 baud
620 643 730 681 dubie
767 643 982 681 necessaria
1018 643 1200 696 aliamque
1242 646 1418 696 praedam
1454 646 1577 696 rapiat
1603 647 1650 685 ad
1676 649 1872 688 avaritiam
1901 648 2049 687 militum
2076 651 2222 689 satian-

266 713 371 760 dam,
400 709 469 747 sed
496 708 669 755 legiones
695 708 732 745 in
756 707 910 745 hiberna
936 706 1117 746 reducere
1142 711 1251 758 parat
1277 721 1414 748 caussa
1443 709 1590 748 addita:

788 768 957 820 „Quod
987 773 1162 810 aestus
1185 772 1273 811 iam
1301 771 1470 813 adulta
1500 772 1704 811 fuerit-‘⁶

396 836 581 883 Veteres,
609 836 650 872 ut
678 845 728 870 ex
754 833 894 872 Servio
922 833 970 870 ad
999 833 1111 883 Virg.
1140 835 1286 886 Georg.
1311 836 1349 887 1,
1376 834 1443 875 43.
1471 836 1740 887 perspicimus,
1770 838 1922 887 singula
1949 839 2031 877 anni
2058 842 2223 889 tempora

266 912 301 946 in
329 910 452 943 ternos
478 898 693 938 dividebant
722 909 868 934 menses
899 900 938 934 et
966 898 1117 946 primum
1144 912 1328 950 quemque
1356 912 1517 938 mensem
1546 912 1683 938 novum

924 959 1122 999 secundum
1177 983 1231 992 —
1285 984 1333 991 —
1391 962 1553 1002 adultum

920 1024 1066 1061 tertium
1171 1047 1226 1054 —
1279 1048 1327 1054 —
1385 1037 1570 1076 praeceps
1599 1028 1682 1064 anni

264 1099 410 1143 tempus
437 1088 701 1140 appellabant,
745 1086 850 1125 velut
877 1098 1036 1137 novum,
1071 1088 1256 1139 adultum,
1297 1100 1483 1141 praeceps
1511 1101 1581 1129 ver
1598 1110 1651 1118 —
1669 1102 1826 1140 novam,
1862 1090 2043 1139 adultam,
2071 1089 2222 1140 praeci-

263 1160 376 1210 pitem
416 1155 597 1192 aestatem
625 1156 699 1188 etc·
768 1151 884 1202 Quam
918 1152 1062 1201 quidem
1096 1152 1383 1202 appellationem
1409 1153 1564 1191 Tacitus
1604 1155 1650 1192 ad
1687 1155 1760 1191 diei
1799 1157 1967 1204 tempora
1993 1154 2222 1192 transferens

264 1224 374 1263 ctiam
404 1220 451 1258 de
479 1218 623 1267 „nocte
651 1213 777 1252 adulta
790 1215 813 1236 “
836 1214 1011 1265 loquitur.
1061 1214 1123 1254 Cf.
1152 1215 1380 1255 Boetticheri
1408 1216 1506 1255 Lex.
1531 1216 1625 1257 Tac.
1657 1218 1725 1256 sub
1751 1230 1789 1256 v.
1817 1217 2047 1267 „adultus“.
2109 1216 2161 1255 W
2162 1216 2223 1255 al-

261 1286 391 1326 therus
412 1283 460 1320 V.
478 1281 527 1319 D.
547 1279 593 1318 ad
621 1277 658 1314 h.
687 1277 712 1314 l.
745 1283 833 1327 apte
862 1281 1053 1328 comparat
1081 1279 1228 1327 θέρους
1255 1276 1378 1329 ἀκμήν
1405 1283 1445 1318 et
1472 1281 1618 1330 θέρους
1644 1279 1888 1330 ἀκμάζοντος.
1940 1280 2083 1319 Adulta
2107 1280 2225 1328 igitur

264 1351 395 1387 aestas
432 1345 596 1395 pertinet
632 1352 702 1390 per
737 1342 853 1378 denos
888 1342 969 1378 dies
1004 1342 1202 1388 Quinctilis
1227 1344 1364 1379 mensis
1397 1345 1437 1380 et
1467 1354 1538 1392 per
1564 1345 1721 1381 vicenos
1752 1346 1833 1381 sere
1856 1343 2018 1382 Sextilis
2045 1355 2115 1391 m.,
2151 1354 2223 1392 quo

264 1413 426 1451 exeunte
467 1409 537 1446 iam
572 1416 759 1455 praeceps
797 1408 924 1443 aestas
961 1405 1189 1444 ordIebatur.
1259 1405 1455 1445 Aestatem
1493 1417 1566 1444 non
1598 1407 1813 1456 excipiebat
1850 1408 2086 1454 auctumnus,
2118 1407 2223 1444 cuius

262 1485 393 1515 nomen
419 1472 562 1524 pariter
591 1480 634 1507 ac
661 1468 760 1506 bona
785 1468 1012 1517 ignorabant
1033 1468 1228 1518 Germani,
1259 1472 1298 1508 ut
1314 1469 1471 1508 Tacitus
1499 1470 1694 1520 opinatur,
1720 1468 1792 1522 [cf.
1812 1469 1986 1509 German.
2018 1468 2083 1509 26.
2101 1467 2223 1520 extr.)

262 1541 330 1583 sed
366 1538 484 1576 hiems
521 1544 637 1584 eaque
674 1536 924 1582 praematura.
988 1532 1131 1582 Quodsi
1166 1533 1255 1571 nihil
1289 1534 1469 1585 reliquum
1507 1534 1626 1571 fuisse
1656 1535 1896 1583 arbitramur,
1941 1535 2012 1572 nisi
2042 1535 2223 1572 aestatem

264 1602 506 1655 praecipitem
534 1599 769 1648 praematura
796 1595 916 1633 hieme
944 1599 1164 1646 exceptamz
1195 1599 1277 1636 erat
1302 1597 1500 1648 profecto,
1530 1598 1630 1649 quod
1656 1598 1814 1637 reditum
1844 1600 2000 1649 pararet
2027 1596 2223 1637 Germani-

261 1681 339 1708 cus.
393 1665 450 1705 At
476 1663 629 1715 primum
657 1672 729 1699 non
755 1661 911 1699 deerant
939 1661 1122 1699 auctumni
1150 1671 1220 1699 nec
1248 1671 1380 1699 nomen
1407 1673 1477 1701 nec
1504 1661 1602 1700 bona
1633 1660 1708 1713 (cr.
1735 1662 1944 1711 Kiessling.
1970 1662 2018 1701 ad
2048 1661 2223 1701 German.

260 1731 324 1772 ⁶26.
353 1728 498 1780 extr.):
536 1726 669 1764 deinde
704 1737 776 1763 non
814 1724 930 1763 multo
968 1726 1139 1775 asperius
1176 1728 1260 1764 erat
1297 1725 1463 1776 coelum,
1496 1736 1572 1764 non
1604 1726 1719 1765 multo
1742 1727 1918 1765 maturior
1942 1725 2077 1775 biems,
2118 1738 2225 1777 quam

262 1795 393 1834 hodie:
438 1790 599 1841 alioquin
637 1788 834 1827 Germania
866 1799 940 1826 non
976 1789 1168 1836 ingentem
1204 1789 1302 1826 illam
1337 1789 1538 1827 incolarum
1577 1789 1842 1828 multitudinem
1881 1789 1984 1828 alere
2023 1790 2224 1839 potuisset.

263 1858 416 1898 Romani
454 1854 602 1906 quidem
636 1854 771 1890 mitiori
808 1852 916 1891 coelo
946 1853 1150 1891 assuefacti
1184 1853 1425 1902 asperitatem
1465 1853 1563 1892 coeli
1592 1852 1801 1892 Germanici
1839 1853 2042 1892 horrebant
2079 1854 2223 1903 pariter

263 1926 375 1974 atque
414 1908 658 1970 asperitatem
696 1915 921 1954 incolarum:
962 1918 1122 1953 attamen
1153 1928 1233 1955 cum
1271 1916 1335 1954 ille
1363 1916 1496 1955 horror
1521 1918 1719 1956 animorum
1750 1917 1970 1956 evanuisset
1996 1916 2109 1967 paulo
2138 1919 2225 1956 ante

261 1986 401 2026 cladem
431 1982 652 2029 Varianam,
687 1980 855 2030 „mutati
881 1977 1067 2027 homines,
1099 1980 1171 2018 alia
1201 1983 1327 2029 terra,
1365 1980 1507 2019 coelum
1535 1982 1656 2031 ipsum
1683 1979 1946 2033 (Germaniae)
1973 1982 2096 2020 mitius
2123 1980 2223 2018 mol-

262 2047 443 2100 liusque“
471 2044 671 2083 videbatur
697 2042 768 2094 (cf.
789 2042 923 2081 Florus
950 2041 1015 2079 lib.
1043 2042 1117 2092 lV,
1150 2042 1221 2092 12,
1252 2041 1354 2094 270.
1408 2044 1565 2082 Etiamsi
1583 2044 1702 2092 igitur
1718 2044 1913 2094 „adultam
1934 2046 2115 2083 aestatem
2126 2043 2151 2066 ‘⁴
2171 2044 2225 2082 sic

260 2112 569 2162 interpretemur,
606 2110 648 2147 ut
685 2119 767 2147 eam
805 2107 840 2144 in
867 2106 1110 2156 praecipitem
1140 2109 1323 2146 aestatem
1352 2106 1558 2146 deflexisse
1586 2106 1772 2146 dicamus:
1804 2110 1928 2147 tanen
1959 2109 2159 2158 supererat
2186 2109 2225 2146 et

258 2186 448 2228 praeceps
487 2172 552 2210 illa
588 2174 716 2209 aestas
754 2174 793 2209 et
829 2172 1046 2208 auctumnus
1074 2182 1218 2220 novus,
1256 2170 1426 2219 adultus,
1471 2182 1681 2221 praeceps,
1725 2172 1831 2210 cuius
1870 2174 2118 2222 tempestates
2152 2182 2223 2209 non

260 2241 386 2290 magis
414 2235 710 2277 reformidandae
739 2237 866 2283 erant,
897 2245 1004 2285 quam
1033 2236 1281 2285 tempestates
1310 2234 1435 2283 veris,
1461 2236 1594 2286 quibus
1626 2236 1767 2285 spretis
1789 2235 2052 2282 Germanicus,
2082 2236 2121 2272 ut
2141 2245 2224 2272 ma-

264 2306 383 2344 turius
420 2301 556 2340 bellum
588 2299 836 2349 inciperetur,
873 2299 1150 2349 expeditionem
1190 2297 1403 2335 maritimam
1442 2310 1577 2348 parare
1603 2298 1791 2337 voluerat.
1855 2299 2059 2338 Praeterea
2086 2298 2226 2345 mirum,

262 2368 358 2418 quod
389 2369 464 2404 tam
497 2365 571 2402 cito
601 2362 772 2399 adolevit
794 2365 983 2400 aestas—
997 2362 1216 2400 adolevisse
1237 2360 1484 2398 existimanda
1513 2364 1573 2399 est
1591 2362 1717 2411 spatio
1735 2362 1932 2400 interiecto
1951 2363 2044 2400 inter
2063 2362 2225 2410 priorem

262 2434 302 2470 et
334 2428 584 2480 posterIorem
618 2435 783 2475 pugnam
819 2424 866 2462 ad
893 2425 1085 2474 Visurgim
1125 2424 1368 2464 commissam.
1432 2422 1527 2461 Nam
1554 2424 1714 2473 prlorem
1741 2436 1906 2475 pugnam
1936 2426 2093 2464 initurus
2123 2422 2225 2462 Ger-

261 2495 422 2533 manicus
461 2492 498 2528 in
538 2489 717 2527 concione
748 2488 898 2526 militum
937 2489 1129 2527 consilium
1156 2488 1358 2537 aperuerat
1389 2485 1549 2524 victoria
1578 2488 1687 2535 parta
1717 2487 1764 2525 ad
1791 2487 1915 2526 Albim
1943 2486 2224 2539 progrediendi,

257 2557 359 2597 Ann.
386 2554 441 2603 ll,
473 2552 532 2592 14.
564 2554 667 2591 extr.
730 2551 948 2604 Quicunque
980 2555 1100 2591 autem
1129 2551 1257 2590 animis
1285 2549 1578 2589 conlecturarum
1605 2560 1728 2588 amore
1758 2562 1831 2590 non
1854 2550 2071 2591 obcaecatis
2098 2548 2222 2589 Taciti

257 2621 377 2659 verba
411 2617 595 2666 legerint,
648 2627 791 2666 paucos
837 2619 977 2655 tantum
1025 2617 1105 2654 dies
1159 2616 1404 2654 intercesisse
1440 2613 1537 2651 inter
1573 2616 1765 2665 utramque
1800 2626 1965 2665 pugnam
1997 2612 2223 2652 iudicabunt.
