2452 3445
1026 176 1390 220 ...8-

346 301 428 340 Nec
463 309 554 336 vero
587 297 706 335 solum
743 298 843 349 apud
873 297 1066 346 Tacitum,
1102 299 1170 338 sed
1210 301 1321 339 etiam
1356 299 1455 350 apud
1484 298 1578 337 alios
1607 309 1727 337 rerum
1751 300 1958 349 scriptores
1982 300 2097 338 nuntii
2124 311 2193 350 per

226 368 350 406 terras
385 363 527 414 plane
566 361 785 400 incultas
813 360 886 400 huc
911 361 999 400 illuc
1026 361 1190 402 volitant
1216 364 1322 415 quasi
1347 362 1413 401 vel
1444 361 1623 401 columbis
1647 361 1712 400 vel
1738 362 1812 399 viis
1838 363 1975 401 ferreis
2003 364 2067 402 vel
2092 364 2193 403 tele-

226 428 411 480 graphica
441 427 523 463 arte
552 424 610 461 usi
641 425 717 462 sint
743 425 872 476 populi
897 425 1096 464 rudissimi.
1150 426 1234 465 Non
1261 427 1398 475 ignoro
1423 425 1533 463 etiam
1563 425 1664 476 apud
1680 425 1793 464 rudes
1811 426 1972 476 populos
1990 437 2060 478 per
2080 428 2193 477 ignes

228 495 266 531 in
295 493 380 531 altis
407 489 593 527 montibus
628 501 810 527 accensos
846 492 886 528 ct
919 501 990 538 per
1017 500 1143 526 amnes
1168 491 1403 538 praestitutis
1434 489 1650 539 quibusdam
1679 491 1794 528 rebus
1820 491 1979 528 infectos
2003 491 2196 529 celerrime

226 554 372 597 nuntios
407 553 444 592 in
483 561 609 591 omnes
645 552 777 603 partes
811 551 966 591 dimitti:
1000 553 1040 591 at
1077 561 1124 590 ne
1161 550 1256 592 haec
1295 551 1439 603 quidem
1476 550 1654 591 celeritas
1685 562 1833 603 semper
1858 550 1996 593 sufficit
2031 553 2078 592 ad
2103 565 2198 605 per-

228 617 398 668 agendas
432 626 516 664 reS,
558 626 653 666 quas
686 616 821 665 raptim
850 617 1027 665 peractas
1054 617 1205 653 narrant
1234 616 1441 665 scriptores
1471 615 1643 653 Romani.
1712 616 1778 653 Sic
1808 614 1951 654 Caesar
1978 615 2051 667 [cf.
2077 618 2121 655 B.
2152 618 2198 655 G.

230 683 297 730 vl,
325 680 389 719 10.
428 692 508 718 cum
539 680 584 716 Β.
619 679 666 716 G.
692 679 762 727 lv,
792 679 828 717 1.
856 682 894 718 2.
924 678 986 729 3.)
1021 678 1154 728 paucis
1185 679 1316 715 diebus
1344 683 1432 728 post
1458 680 1654 730 tran-situm
1681 678 1803 716 ereni
1831 680 1878 717 ab
1909 680 2013 718 Ubiis
2039 682 2079 719 lit
2109 694 2198 720 cer-

230 747 324 796 tior,
352 743 549 796 „Suevos
571 752 697 780 omnes
727 753 832 782 unum
858 743 893 781 in
922 742 1043 782 locum
1073 741 1205 791 copias
1231 752 1374 790 cogere
1403 743 1515 793 atque
1542 741 1588 780 iis
1606 741 1842 791 nationibus,
1870 754 1965 793 quae
1984 743 2053 782 sub
2073 755 2198 784 eorum

231 810 306 848 sint
332 807 509 859 imperio,
537 805 783 855 denunciare,
810 806 863 844 uti
893 805 1033 843 auxilia
1062 805 1255 856 peditatus
1286 807 1547 858 equitatusque
1568 805 1727 842 mittant.
1741 804 1766 826 “
1819 805 1888 843 llis
1906 808 2070 856 cognitis
2086 809 2198 846 rebus

232 899 367 912 .....
398 872 501 909 Ubiis
536 872 705 917 mandat,
746 873 824 918 „ut
862 870 1016 907 crebros
1057 869 1324 917 exploratores
1360 871 1396 907 in
1419 870 1573 907 Suevos
1610 870 1757 906 mittant
1789 882 1959 919 quaeque
1995 872 2092 920 apud
2131 884 2200 908 eos

231 936 429 987 gerantur,
456 934 706 982 cognoscant.
762 930 820 971 llli
844 932 1025 982 imperata
1045 932 1186 972 faciunt
1209 934 1249 973 et
1275 930 1525 985 paucis
1557 929 1808 974 diebus
1834 930 2199 976 intermis-

232 998 334 1042 sis
367 996 555 1045 referunt,
596 995 792 1034 Suevos
830 1006 1014 1045 omnes,
1049 998 1370 1047 posteaquam
1408 995 1655 1035 certiores
1685 996 1844 1034 nuntii
1880 996 1936 1035 de
1973 998 2198 1036 exercitu

231 1065 541 1102 Romanorum
570 1060 819 1108 venerint,
851 1072 930 1098 cum
960 1061 1173 1097 omnihus
1204 1062 1307 1097 suis
1340 1062 1679 1109 sociorumque
1708 1062 1893 1110 copiis,
1921 1073 2014 1111 quas
2040 1063 2200 1109 coegis-

234 1128 362 1174 sent,
404 1125 553 1176 pcnitus
593 1123 638 1161 ad
676 1125 869 1162 extremos
896 1123 989 1162 fines
1016 1135 1104 1162 sese
1131 1124 1324 1174 recepisse
1359 1125 1399 1163 ct
1422 1123 1468 1162 ad
1495 1123 1634 1161 initium
1662 1123 1823 1162 Bacenis
1850 1124 1974 1164 silvae
2002 1125 2201 1164 adventum

236 1192 483 1231 Romanorum
514 1189 743 1239 exspectare
772 1188 1026 1227 constituisse.
1044 1209 1094 1216 —
1125 1187 1186 1228 Cf.
1215 1188 1461 1227 narrationem
1489 1187 1617 1226 similis
1646 1188 1855 1237 argumenti
1881 1188 1926 1226 B.
1954 1188 2002 1228 G.
2029 1188 2106 1240 IV,
2138 1188 2200 1229 19.

355 1254 461 1305 Quos
495 1252 638 1291 Caesar
672 1252 833 1300 intelligi
872 1252 966 1289 velit
999 1252 1176 1302 Suevos,
1212 1252 1351 1290 indicat
1384 1252 1426 1289 B.
1468 1251 1514 1289 G.
1543 1250 1619 1300 IV,
1655 1250 1689 1288 1.
1726 1252 1974 1300 „Suevorum
2009 1265 2107 1302 gens
2142 1257 2202 1292 cst

232 1319 349 1366 longe
376 1317 534 1354 maxima
560 1318 599 1352 et
620 1315 906 1353 bellicosissima
937 1315 1201 1353 Germanorum
1228 1315 1399 1352 omnium.
1453 1315 1501 1351 lli
1530 1317 1674 1352 centum
1702 1326 1829 1363 pagos
1855 1315 1992 1353 habere
2021 1318 2202 1366 dicuntur,

233 1393 285 1419 ex
313 1379 444 1431 quibus
476 1378 670 1429 quotannis
698 1377 851 1427 singula
877 1377 978 1417 milia
1007 1379 1228 1418 armatorum
1256 1376 1419 1416 bellandi
1437 1389 1572 1417 caussa
1596 1389 1646 1416 ex
1665 1376 1797 1416 linibus
1825 1378 1999 1419 educunt.
2012 1378 2037 1404 “
2094 1380 2200 1430 Ergo

232 1445 362 1495 paucis
398 1443 529 1480 diebus
561 1443 767 1492 iterumque
802 1443 931 1492 paucis
968 1442 1099 1480 diebus
1136 1441 1340 1479 interiectis
1377 1441 1492 1478 nuntii
1527 1451 1600 1478 non
1632 1441 1750 1478 solum
1787 1453 1857 1492 per
1894 1446 2038 1482 centum
2076 1456 2203 1494 pagos

237 1508 450 1547 Suevorum
486 1506 670 1556 volitant,
711 1507 780 1545 scd
814 1507 923 1545 etiam
958 1517 1027 1556 per
1055 1506 1238 1544 sociorum
1267 1507 1410 1553 terras,
1443 1504 1647 1554 eodemque
1674 1507 1854 1554 temporis
1882 1508 2005 1556 spatio
2034 1519 2203 1555 congre-

235 1572 373 1620 gantur
411 1581 537 1607 omnes
569 1572 608 1608 et
634 1571 757 1609 Suevi
799 1572 838 1609 et
865 1569 958 1607 socii
997 1569 1043 1606 ad
1073 1581 1182 1606 unum
1209 1568 1329 1607 locum
1360 1569 1699 1620 congregatosque
1730 1568 1975 1608 Romanorum
2003 1570 2202 1609 adventum

236 1635 483 1685 exspectare,
522 1633 666 1673 Caesar
697 1635 875 1673 edocetur
902 1645 972 1684 per
999 1633 1264 1685 exploratores
1295 1633 1488 1672 Ubiorum:
1526 1643 1621 1683 quae
1649 1633 1795 1683 quidem
1823 1634 1999 1673 celeritas
2027 1646 2100 1673 non
2129 1636 2203 1673 viis

234 1698 391 1746 ferreis,
416 1708 490 1734 non
516 1701 598 1736 arte
625 1698 911 1748 telegraphica,
938 1698 1006 1735 sed
1033 1698 1104 1735 nisi
1134 1697 1288 1746 virgula
1315 1697 1442 1735 divina
1470 1697 1612 1734 omnino
1642 1696 1740 1735 effici
1765 1708 1838 1734 non
1857 1700 2022 1748 poterat.
2075 1698 2203 1749 Atque

235 1761 378 1800 etiamsi
407 1759 551 1799 Caesar
585 1762 683 1799 inani
716 1762 917 1799 iactatione
943 1761 1156 1798 Suevorum
1197 1762 1340 1798 nomine
1374 1760 1531 1799 Chattos
1556 1760 1815 1809 appellasset,
1850 1763 1973 1800 tamen
2002 1774 2048 1800 ne
2077 1762 2203 1802 Chatti

237 1823 382 1876 quidem
409 1834 488 1861 cum
522 1824 674 1863 sociis
702 1824 804 1861 suis
833 1824 936 1861 tanta
967 1822 1163 1862 celeritate
1196 1824 1426 1872 congregari
1454 1824 1627 1875 potuisse
1654 1823 1843 1863 videntur.

359 1885 401 1923 In
436 1886 559 1925 reditu
596 1888 835 1926 Germanicus
869 1887 1009 1925 auxilio
1048 1890 1210 1925 vocatus
1245 1888 1291 1925 ab
1318 1888 1489 1935 Segeste
1529 1889 1718 1926 convertit
1747 1899 1882 1935 agmen
1911 1889 1947 1925 in
1975 1887 2203 1928 Cheruscos.

237 1949 458 1999 Plerumque
497 1951 557 2000 qui
598 1951 748 1988 obsessi
782 1952 869 1988 sunt
904 1950 999 1988 satis
1035 1949 1173 1988 habent
1197 1950 1368 1998 singulos
1394 1951 1542 1989 nuntios
1566 1963 1635 2001 per
1664 1950 1788 1988 dolum
1816 1951 1963 1989 misisse
1991 1951 2038 1990 ad
2069 1964 2204 1991 arces-

237 2012 353 2050 scnda
381 2012 543 2050 auxilia:
572 2012 785 2062 Segestes,
813 2013 1078 2051 circumclusus
1095 2013 1141 2050 ab
1162 2012 1294 2063 hoste,
1320 2012 1527 2061 legatos
1553 2014 1653 2052 misit
1669 2013 1770 2052 nullo
1788 2013 1994 2064 prohibitus
2012 2017 2130 2065 metu,
2155 2027 2202 2054 ne

236 2075 289 2114 illi
314 2075 622 2126 interciperentur
648 2076 694 2114 ab
722 2075 909 2116 hostibus.
957 2086 959 2088 ·

363 2139 442 2176 Sed
471 2140 677 2177 omittamus
704 2139 776 2178 hoc
804 2145 844 2178 et
874 2141 1089 2190 videamus,
1114 2152 1223 2192 quam
1252 2142 1343 2179 mira
1370 2140 1527 2179 Tacitus
1555 2141 1602 2179 de
1629 2139 1831 2180 Cheruscis
1862 2146 2000 2180 narret.

363 2201 545 2243 Cherusci
580 2203 841 2243 circumsident
879 2217 1002 2245 arcem
1031 2204 1213 2254 Segestis
1247 2217 1317 2244 nec
1345 2217 1485 2244 manum
1515 2207 1688 2255 movent,
1732 2217 1950 2257 quamquam
1979 2207 2019 2245 et
2045 2204 2204 2245 Chattos

239 2265 482 2305 vehementer
515 2268 677 2307 afflictos
710 2270 832 2307 sciunt
867 2272 907 2308 et
941 2281 963 2307 a
991 2268 1156 2309 Caecina
1182 2268 1252 2308 huc
1281 2269 1367 2307 illuc
1395 2281 1494 2308 arma
1524 2270 1671 2309 ferente
1699 2282 1874 2308 summum
1901 2270 2102 2320 periculum
2132 2271 2204 2309 sibi

240 2330 423 2369 imminere
458 2331 607 2369 vident:
642 2343 715 2369 non
752 2332 891 2372 audent
928 2332 1112 2381 congredi
1148 2345 1228 2371 cum
1261 2330 1447 2371 Caecina:
1486 2334 1528 2371 at
1553 2332 1672 2372 Marsi
1707 2335 1833 2384 priore
1871 2345 1966 2373 anno
2002 2335 2130 2375 afflicti
2165 2338 2206 2373 et

240 2396 418 2444 prostrati
449 2396 675 2434 audent—2
706 2407 780 2433 non
813 2399 1023 2435 convocant
1050 2397 1177 2434 socios
1210 2395 1403 2436 Cherusco
1431 2396 1585 2433 foedere
1612 2397 1683 2435 iam
1709 2398 1943 2448 coniunctos,
1981 2400 2051 2437 sed
2077 2399 2204 2450 potius

241 2459 281 2494 et
314 2457 462 2496 Marsos
501 2470 571 2497 sua
609 2461 746 2510 sponte
782 2461 1080 2510 approperantes
1116 2460 1304 2510 prosterni
1342 2461 1381 2497 et
1415 2457 1632 2498 Chattorum
1667 2460 1839 2511 oppidum
1874 2473 1918 2501 ac
1952 2464 2090 2501 terram
2128 2472 2204 2499 va-

239 2520 332 2557 stari
358 2522 568 2569 patiuntur:
603 2526 776 2573 perstant
803 2524 838 2560 in
865 2523 1057 2561 obsidione
1088 2526 1186 2562 arcis
1213 2523 1489 2572 Segestensis:
1527 2534 1634 2572 quam
1662 2535 1735 2562 non
1760 2523 1923 2564 Caecina
1945 2525 2102 2572 liberat,
2136 2524 2203 2561 sed

241 2582 502 2635 Germanicus,
533 2598 750 2638 quamquam
779 2586 943 2627 Caecina
970 2586 1038 2624 iam
1068 2585 1127 2625 diu
1156 2586 1371 2628 Cheruscos
1400 2588 1599 2626 terruerat.
1653 2587 1758 2638 Ergo
1788 2587 1970 2629 Cherusci
1998 2588 2070 2627 iam
2099 2586 2203 2628 Cae-

242 2648 348 2686 cinae
377 2648 536 2699 impares
564 2662 606 2688 se
635 2661 723 2689 esse
750 2651 917 2689 confessi
945 2651 1155 2704 tranquillis
1183 2652 1312 2690 animis
1340 2653 1587 2702 exspectant,
1616 2650 1699 2691 dum
1730 2654 1839 2692 etiam
1857 2652 2097 2692 Germanicus
2124 2663 2203 2690 curn

2126 2729 2206 2755 nia-
