2452 3445
1090 153 1458 195 *4—

296 277 405 316 etiam
442 288 511 325 per
536 274 672 313 silvas.
738 273 946 313 Praeterea
974 271 1113 312 Caesia
1138 273 1240 313 silva
1271 274 1413 312 insidiis
1442 274 1706 313 Germanorum
1734 269 1862 324 parum
1890 277 1980 323 apta
2008 277 2112 321 erat,
2152 273 2254 324 quod
2288 310 2299 318 ,

296 343 335 379 et
363 339 496 379 Rheno
524 337 697 389 proxima
724 339 765 375 et
790 335 993 376 scindenda
1021 337 1184 386 tantum,
1214 348 1287 375 non
1315 336 1554 389 peragranda
1585 339 1670 377 erat
1695 336 1950 376 redeuntibus.

420 410 567 450 Deinde
596 409 756 448 Tacitus
790 410 865 447 tam
888 407 1095 456 diligenter
1127 407 1292 447 ordinem
1320 410 1512 448 exercitus
1539 419 1610 459 per
1637 409 1757 447 silvas
1782 408 2037 458 regredientis
2064 406 2255 455 describit,

296 479 338 516 nt
366 474 464 514 haud
490 472 600 512 dubie
626 471 775 511 litteras
803 471 957 510 Romam
981 472 1119 511 missas
1145 483 1168 510 a
1196 471 1417 512 Germanico
1445 472 1527 524 ipse
1554 471 1810 523 perlustrarIt.

424 547 577 596 Agmen
601 544 742 584 ducunt
767 554 858 595 pars
886 544 1052 596 equitum
1084 545 1124 583 et
1151 544 1373 584 auxiliariae
1403 543 1602 585 cohortes:

422 619 604 672 Sequitur
632 618 749 668 prima
775 617 908 666 legio:
934 619 1024 667 post
1048 616 1145 657 hanc
1173 618 1458 670 impedimenta,
1486 618 1642 657 defensa
1670 618 1718 657 ad
1748 601 1920 660 dextrum
1940 617 2040 657 latus
2057 628 2127 669 per
2146 615 2258 668 quin-

299 687 426 735 tanos,
459 683 507 722 ad
534 683 721 722 sinistrum
744 692 815 732 per
843 682 1227 734 unaetvicesimanos,
1255 695 1278 723 a
1307 685 1421 733 tergo
1441 694 1520 735 per
1549 683 1820 723 vicesimanos:

427 746 613 787 Claudunt
638 756 778 795 agmen
807 746 925 785 ceteri
952 745 1151 784 sociorum.

426 821 590 868 Hostes,
617 820 739 858 donec
767 830 905 868 agmen
931 829 1001 867 per
1025 817 1145 856 saltus
1172 821 1459 870 porrigeretur,
1488 821 1716 859 immoti—2
1736 820 1870 859 deinde
1897 820 2017 858 latera
2036 820 2077 856 et
2096 819 2253 855 frontem

302 884 445 924 modice
469 883 699 923 assultantes
725 884 805 923 tota
830 883 868 921 vi
893 882 929 919 in
947 883 1175 921 novissimos
1192 884 1424 924 invaserunt,
1476 884 1637 924 Turbati
1657 884 1773 933 socii,
1801 884 1862 935 qui
1879 894 2016 932 agmen
2034 882 2261 929 clauserunt,

847 955 1021 993 densis
1050 954 1385 997 Germanorum
1415 958 1642 997 catervis
1670 978 1722 985 —

303 1031 523 1070 succurrunt
548 1029 707 1067 excitati
738 1040 761 1067 a
784 1028 1005 1067 Germanico
1035 1028 1273 1082 vicesimani,
1303 1031 1367 1084 qui
1397 1042 1470 1069 uno
1497 1030 1637 1082 impetu
1664 1030 1884 1082 perruptum
1909 1027 2055 1066 hostem
2085 1026 2264 1076 redigunt

305 1099 338 1134 in
369 1096 503 1144 aperta
531 1093 782 1143 caeduntque.

429 1167 612 1219 Quorsum
647 1165 742 1205 haec
777 1167 852 1204 tam
885 1166 1000 1205 multa
1035 1165 1084 1204 de
1121 1165 1250 1203 ordine
1288 1167 1470 1217 agminis,
1514 1178 1608 1218 quae
1637 1167 1746 1206 etiam
1773 1166 1964 1205 Ludenius
1990 1166 2028 1204 in
2049 1163 2266 1215 praeclaras

303 1232 477 1270 historias
509 1241 600 1268 suas
628 1249 681 1258 --
708 1229 838 1267 nescio
875 1240 941 1267 cur
959 1248 1010 1256 -—
1030 1227 1309 1279 transscripsit!
1382 1229 1474 1282 Quis
1509 1232 1599 1280 post
1634 1230 1700 1268 illa
1728 1241 1801 1268 non
1831 1231 2036 1280 exspectat
2063 1227 2266 1279 pleniorem

304 1295 437 1348 proelii
473 1290 782 1342 descriptionem!
849 1291 906 1331 At
938 1293 1020 1330 sine
1056 1292 1179 1330 fructu
1207 1296 1535 1333 commemorantur
1569 1294 1745 1344 primani,
1784 1293 1970 1344 quintani,
2007 1291 2265 1330 unaetvicesi-

303 1359 400 1399 mani
426 1366 596 1408 quaeque
624 1355 672 1394 de
700 1353 917 1395 cohortibus
945 1354 1153 1394 auxiliariis
1183 1367 1321 1404 agmen
1348 1356 1549 1397 ducebant.
1617 1357 1679 1396 De
1710 1357 1872 1409 equitum
1899 1356 2021 1396 altera
2044 1357 2154 1406 parte
2181 1353 2266 1393 Ta-

305 1423 401 1462 citus
428 1420 647 1459 mentionem
672 1419 787 1469 racit,
817 1419 864 1457 de
894 1418 1014 1457 altera
1041 1420 1164 1458 tacet:
1193 1421 1320 1458 tacere
1346 1421 1500 1471 poterat
1524 1421 1571 1460 de
1596 1422 1775 1473 utraque3
1801 1431 1883 1459 nam
1912 1422 2017 1460 certe
2035 1431 2109 1458 non
2129 1419 2268 1468 narrat,

305 1498 399 1538 quas
431 1496 494 1523 res
534 1484 729 1532 gesserint
766 1484 913 1534 equites
952 1485 1017 1522 aut
1052 1495 1122 1533 per
1147 1485 1261 1523 totam
1292 1485 1573 1535 expeditionem
1598 1487 1663 1525 aut
1689 1486 1725 1523 in
1748 1485 1860 1523 silvis
1888 1484 1987 1535 illis,
2025 1484 2088 1522 ubi
2115 1482 2269 1521 insidias

304 1550 351 1589 ab
380 1548 551 1588 hostibus
578 1547 743 1585 structas
768 1547 970 1586 inveniunt.

428 1622 509 1662 Sed
550 1620 748 1660 redeamus
791 1619 840 1659 ad
865 1619 1046 1671 proelium
1057 1647 1069 1669 ‚
1107 1619 1207 1670 quod
1234 1621 1309 1659 tam
1337 1622 1470 1672 paucis
1499 1621 1629 1661 verbis
1655 1620 1814 1661 Tacitus
1842 1620 2088 1661 adumbravit.
2149 1618 2270 1659 Vice-

307 1688 434 1727 simani
451 1687 570 1735 igitur
597 1695 722 1733 „uno
749 1684 930 1734 impetu
958 1686 1243 1735 perruptum
1269 1684 1456 1724 hostem
1486 1686 1726 1734 redigunt
1751 1687 1796 1724 in
1822 1689 2002 1736 aperta
2024 1684 2269 1724 caedunt-

307 1764 362 1804 qu
373 1763 395 1789 e
406 1750 446 1788 “.
498 1748 551 1787 ln
578 1759 634 1799 ap
646 1758 667 1786 e
679 1759 697 1786 r
708 1749 725 1786 t
735 1759 757 1786 a
768 1769 817 1775 —
831 1760 964 1799 nempe
991 1749 1196 1787 retrorsum
1209 1769 1259 1776 —
1274 1759 1372 1797 ergo
1398 1750 1617 1788 vicesimani
1641 1749 1715 1787 soli
1740 1750 1805 1789 vel
1825 1751 1951 1801 potius
1966 1762 2057 1801 pars
2071 1749 2272 1788 vicesimae

306 1815 471 1864 legionis
489 1824 560 1851 nec
588 1812 729 1861 optima
752 1823 842 1861 pars
855 1831 903 1839 —
917 1822 1001 1850 nam
1027 1812 1200 1850 veterani
1226 1813 1328 1850 missi
1353 1814 1459 1852 erant
1485 1813 1521 1851 in
1540 1811 1735 1854 Rhaetiam
1752 1813 1874 1864 (Ann.
1890 1813 1930 1863 1,
1947 1813 2016 1853 44.
2037 1811 2098 1864 3.)
2114 1834 2163 1840 —
2181 1823 2271 1863 pars

232 1891 234 1894 ’
307 1881 424 1928 igitur
452 1876 761 1916 vicesimanorum
772 1873 817 1926 *J
843 1876 884 1912 et
900 1876 993 1914 socii
1018 1876 1089 1914 iam
1107 1874 1246 1914 turbati
1273 1875 1453 1915 densas
1479 1876 1596 1915 illas
1615 1876 1901 1927 Bructerorum,
1925 1877 2155 1927 Tubantum,
2180 1874 2273 1915 Usi-

307 1947 433 1996 petum
454 1944 631 1981 catervas
649 1938 838 1989 repellunt
863 1940 904 1978 et
928 1939 1128 1978 trucidant.
1166 1938 1310 1978 Natura
1327 1940 1383 1978 rei
1401 1940 1571 1990 ferebat,
1600 1942 1642 1980 ut
1662 1943 1816 1981 ceterae
1833 1942 2009 1990 legiones
2026 1939 2274 1991 cohortesque

309 2007 527 2047 auxiliariae
553 2004 712 2043 reditum
739 2003 1052 2042 vicesimanorum
1083 2006 1375 2052 exspectarent:
1406 2007 1448 2043 at
1474 2004 1585 2054 illae,
1623 2004 1707 2043 dum
1731 2004 1769 2042 hi
1794 2007 1967 2055 pugnant
1985 2018 2065 2044 cum
2088 2004 2274 2052 hostibus,

308 2069 601 2123 progrediuntur
626 2069 666 2107 et
690 2066 901 2105 subsistunt
929 2065 1094 2116 demum,
1124 2066 1185 2104 ubi
1211 2078 1264 2106 ex
1289 2068 1399 2107 silvis
1425 2071 1643 2109 evaserunt.
1697 2069 1805 2118 Ergo
1826 2069 2044 2109 vicesimani
2063 2080 2145 2109 cum
2161 2067 2275 2107 sociis

308 2136 405 2174 idem
426 2133 517 2172 illud
534 2133 607 2171 iter
623 2143 694 2182 per
711 2131 854 2181 saltus,
880 2129 979 2181 quod
997 2130 1067 2168 toti
1083 2131 1220 2178 agmini
1235 2132 1483 2182 periculosum
1503 2133 1649 2185 suerat,
1677 2134 1750 2174 soli
1764 2135 1844 2173 sine
1858 2134 1934 2174 ullo
1949 2134 2119 2185 periculo
2134 2133 2276 2172 faciunt

312 2198 585 2236 -nimirum
614 2195 790 2235 hostes
819 2195 1061 2234 trucidati
1090 2197 1247 2233 erant.
1300 2195 1357 2235 At
1384 2198 1445 2247 qui
1474 2197 1555 2235 fieri
1584 2200 1756 2248 poterat,
1784 2201 1825 2236 ut
1850 2198 1984 2237 hostes
2001 2198 2274 2238 trucidarentur

310 2262 469 2313 proximi
498 2259 657 2298 saltibus
686 2258 785 2309 illis,
830 2259 891 2309 qui
926 2258 1062 2297 multas
1091 2260 1131 2297 et
1159 2258 1253 2296 satis
1281 2259 1457 2307 cognitas
1481 2261 1575 2311 ipsis
1606 2261 1773 2301 latebras
1800 2258 2035 2308 offerebant?
2086 2259 2148 2298 An
2174 2260 2274 2299 forte

313 2327 450 2365 densae
480 2324 566 2363 illae
586 2323 851 2362 Germanorum
882 2325 1061 2362 catervae
1089 2334 1112 2361 a
1138 2322 1314 2361 militibus
1344 2323 1450 2362 unius
1476 2324 1642 2374 legionis
1670 2326 1827 2378 eiusque
1853 2337 1900 2364 ne
1928 2326 2103 2373 integrae
2128 2322 2274 2374 quidem

378 2481 412 2522 *)
434 2479 597 2519 Quattuor
627 2479 778 2522 legiones
802 2477 1017 2514 Germanicus
1039 2481 1195 2523 primam,
1227 2482 1392 2525 quintam,
1424 2483 1629 2523 vicesimam,
1659 2486 1947 2518 unaetvieesimam
1970 2488 2002 2518 et
2021 2488 2130 2518 tamen
2152 2479 2277 2514 duode-

443 2535 502 2566 cim
527 2536 653 2566 tantum
675 2533 766 2565 milia
794 2542 812 2565 e
834 2533 1023 2576 legionibus
1054 2533 1214 2567 adversus
1236 2534 1372 2568 Marsos
1396 2535 1552 2569 duxerat:
1584 2546 1644 2570 nec
1667 2539 1799 2577 mirunn
1836 2547 1910 2571 nam
1934 2542 2166 2581 praeterquam
2189 2533 2277 2578 quod

440 2585 531 2618 multi
553 2589 664 2619 mutua
686 2585 786 2619 caede
808 2585 910 2629 (Ann.
929 2585 955 2621 1.
977 2585 1038 2628 49)
1058 2586 1263 2629 ceciderant,
1296 2588 1437 2623 aberant
1465 2593 1499 2623 et
1520 2592 1669 2624 veterani
1692 2594 1724 2625 et
1745 2592 1801 2635 qui
1825 2590 1867 2625 ad
1889 2595 2001 2625 castra
2022 2588 2145 2623 tuenda
2168 2588 2276 2622 relicti

439 2642 544 2671 erant.
