2452 3445
235 262 438 299 voluisset.
498 260 690 298 Obscurae
723 260 923 297 narrationi
949 259 1067 297 lucem
1097 259 1206 299 affert
1233 260 1390 310 aliquam
1417 259 1700 310 interpretatio,
1739 273 1846 311 quam
1873 263 2049 302 Barthius
2078 264 2195 314 („uts

236 324 459 377 geschichte&
487 324 688 375 proposuit
713 324 817 362 nisus
844 323 1069 362 anctoritate
1096 322 1276 363 Wiardae
1301 322 1533 373 „Qiefcbidne
1560 322 1878 372 thftiessianbss“.

361 397 614 445 Transgressi
650 408 718 448 per
754 397 891 447 pontes
926 396 1062 435 milites
1095 408 1182 435 mox
1222 396 1410 436 aestuaria
1443 396 1655 447 inveniunt,
1693 397 1827 448 quibus
1855 398 1994 439 Batavi
2021 400 2196 451 nonnulli,

241 462 301 510 qui
339 460 519 498 insultant
560 462 690 510 aquis,
739 461 968 498 hauriuntur.
1046 460 1195 498 Emensi
1241 460 1304 497 vel
1347 460 1630 510 praetergressi
1661 461 1848 499 aestuaria
1889 465 2015 502 castra
2047 468 2199 514 ponunt.

239 523 397 562 Metanti
443 525 568 562 castra
603 522 760 561 Caesari
796 524 1110 572 Angrivariorum
1152 523 1353 571 „desectio
1390 535 1413 562 a
1449 525 1561 571 tergo
1574 523 1600 546 “
1634 524 1844 572 nunciatur,
1885 526 1993 575 quasi
2030 527 2094 565 iile
2129 529 2198 566 iam

239 588 415 635 attigerit
442 587 535 625 iines
560 587 887 634 Angrivariorum.
942 587 1116 637 Plerique
1143 587 1394 637 interpretes,
1431 586 1467 625 in
1493 586 1625 641 quibus
1656 587 1766 625 etiam
1798 599 1888 637 eos,
1925 589 1988 640 qui
2018 602 2199 640 geogra-

240 650 364 701 phiam
392 654 431 690 et
455 651 641 690 historiam
669 652 816 689 veteris
845 651 1064 690 Germaniae
1093 653 1322 698 tractarunt,
1356 662 1528 700 numero,
1556 651 1653 689 inter
1679 652 1798 689 verba
1836 651 2033 701 „hausti
2056 656 2199 694 sunt“

242 718 282 753 et
316 715 555 764 „metanti
589 714 789 753 castra“
818 714 958 765 aliquid
978 714 1115 752 deesse
1133 714 1355 753 iudicarunt.
1407 714 1489 764 Qua
1508 714 1555 752 de
1573 724 1616 752 re
1635 713 1786 753 uberius
1805 715 1959 755 disserit
1977 715 2198 757 Waltherus

244 779 291 817 ad
317 778 352 815 h.
380 778 407 816 l.
466 776 557 815 Mihi
587 777 701 826 leges
737 778 1057 828 interpretationis
1086 777 1283 827 postulare
1309 777 1504 827 videntur,
1540 779 1582 817 ut
1609 779 1729 817 verba
1755 779 1801 818 ad
1830 781 1947 830 prima
1976 783 2102 820 castra
2133 794 2200 821 re-

244 843 405 881 feramus
436 843 472 878 in
511 842 643 879 itinere
679 842 816 891 posita.
886 840 977 880 Cum
1013 844 1136 880 autem
1171 841 1368 879 absurdum
1406 842 1480 890 sit,
1515 840 1829 889 Angrivariorum
1866 844 1981 881 sedes
2016 856 2201 895 quaerere

247 908 282 943 in
310 905 506 943 aestuariis
536 904 609 941 iliis
638 904 702 940 vel
726 905 846 942 circa:
873 905 960 942 nihil
989 907 1132 952 restat,
1160 905 1229 941 nisi
1258 907 1300 942 ut
1330 915 1396 941 eas
1424 905 1459 941 in
1488 904 1624 942 dextra
1653 904 1822 943 Amisiae
1851 907 1934 955 ripa
1961 906 2202 958 collocemus,

247 981 350 1021 quam
381 968 433 1006 iiii
465 979 545 1007 cum
569 968 783 1018 Bructeris,
809 969 919 1007 sicuti
948 968 1119 1007 dextram
1139 967 1321 1017 Visurgis
1343 968 1460 1019 ripam
1489 979 1568 1007 cum
1596 965 1800 1008 Cheruscis
1828 969 1994 1009 tenuisse
2018 971 2204 1013 videntur.

247 1036 348 1084 Quae
376 1033 522 1083 quidem
551 1033 739 1070 sententia
767 1032 1073 1082 comprobaretur
1100 1032 1186 1069 loco
1213 1031 1309 1070 Tac.
1338 1031 1462 1069 Germ.
1490 1030 1580 1081 33.‚
1619 1031 1682 1068 ubi
1712 1031 1932 1079 Angrivarii
1961 1034 2203 1084 perhibentur

248 1097 359 1134 sedes
390 1097 651 1134 Bructerorum
696 1106 927 1144 occupasse,
971 1096 1004 1132 si
1041 1106 1132 1132 vere
1172 1097 1365 1133 narrasset
1403 1095 1581 1145 TacituS‚
1626 1096 1831 1134 Bructeros
1864 1098 2013 1147 penitus
2048 1101 2201 1140 excisos

249 1172 349 1199 esse.
413 1160 571 1198 Tacitus
600 1170 669 1197 nec
697 1169 795 1208 quae
825 1159 963 1197 fuerint
988 1159 1102 1197 sedes
1131 1158 1467 1208 Angrivariorum,
1502 1170 1572 1198 nec
1598 1159 1745 1211 quando
1773 1161 1809 1198 in
1839 1162 2033 1200 amicitiam
2059 1163 2201 1203 Roma-

249 1236 375 1261 norum
403 1223 545 1272 recepti
575 1223 670 1271 sint,
697 1221 825 1260 tradit.
882 1222 976 1261 Mox
1006 1223 1067 1260 ubi
1095 1222 1249 1261 aiteram
1279 1222 1458 1260 describit
1485 1234 1650 1272 pugnam
1676 1223 1722 1261 ad
1741 1222 1932 1272 Visurgim
1956 1227 2201 1279 commissam,

248 1287 523 1335 Angrivarios,
554 1299 650 1336 quos
680 1286 751 1323 iam
777 1286 814 1322 in
842 1286 980 1324 dextra
1001 1286 1179 1332 Visurgis
1207 1286 1288 1335 ripa
1313 1285 1495 1333 collocat,
1522 1286 1642 1323 denuo
1664 1286 1910 1324 deiectionem
1931 1299 2091 1336 parasse
2109 1301 2201 1328 nar—

248 1354 320 1390 rat.
373 1350 479 1397 Ergo
513 1360 564 1386 ex
593 1348 718 1387 Taciti
744 1350 955 1387 narratione
984 1349 1030 1387 ab
1051 1348 1194 1387 Amisia
1222 1360 1339 1399 usquc
1368 1347 1415 1386 ad
1440 1346 1635 1396 Visurgim
1665 1349 1779 1387 sedes
1806 1351 2026 1389 extendisse
2053 1353 2203 1393 videtur

251 1414 432 1466 populus,
469 1413 530 1463 qui
569 1413 759 1463 copiarum
795 1423 864 1451 nec
892 1412 1145 1460 magnitudine
1186 1424 1255 1451 nec
1292 1412 1432 1450 virtute
1459 1410 1620 1459 insignis
1647 1416 1817 1463 apparet.
1874 1414 2115 1467 Quapropter
2141 1417 2201 1456 in-

251 1481 440 1529 terpretes
476 1477 638 1514 nonnulli
678 1477 896 1525 conficiunt,
943 1475 1198 1514 Germanicum
1235 1478 1477 1527 posteaquam
1518 1477 1624 1513 recta
1658 1475 1705 1513 ab
1743 1476 1886 1516 Amisia
1924 1477 1972 1517 ad
2011 1476 2202 1529 Visurgim

250 1544 455 1581 exercitum
482 1541 651 1588 duxerit,
680 1540 879 1577 seeundum
909 1540 1093 1577 sinistram
1122 1540 1239 1589 ripam
1267 1539 1446 1586 Visurgis
1475 1538 1640 1586 adverso
1668 1539 1811 1577 flumine
1839 1552 1907 1590 per
1932 1541 2025 1579 fines
2051 1543 2202 1591 Angri-

252 1607 438 1646 variorum
465 1604 670 1654 proi'ectum
704 1615 805 1640 esse.
859 1602 939 1640 Sed
962 1604 1173 1641 omittamus
1197 1602 1314 1651 haec,
1343 1613 1441 1653 quae
1467 1601 1565 1639 haud
1592 1602 1672 1640 scio
1701 1614 1747 1640 an
1775 1615 1955 1656 nunquam
1982 1607 2078 1644 satis
2097 1611 2202 1647 certo

254 1670 445 1721 explorari
471 1668 640 1718 possint,
676 1669 716 1704 et
742 1666 956 1716 videamus,
996 1671 1226 1717 quantopere
1251 1668 1334 1716 ipse
1364 1666 1433 1703 sibi
1461 1668 1653 1715 repugnet
1677 1665 1834 1705 Tacitus
1863 1669 1899 1706 in
1924 1671 2087 1708 moribus
2114 1672 2202 1711 An-

253 1734 503 1783 grivariorum
532 1729 794 1779 depingendis.
847 1729 942 1767 Nam
966 1730 1060 1767 idem
1088 1730 1270 1779 populus,
1303 1729 1364 1779 qui
1390 1731 1430 1768 et
1459 1730 1558 1777 tum,
1585 1739 1666 1767 cum
1694 1727 1839 1768 Caesar
1864 1731 2010 1780 Ingenti
2032 1736 2202 1776 exercitu

257 1801 290 1836 in
330 1795 563 1836 Germaniam
599 1791 824 1842 invadebat,
874 1795 913 1831 et
948 1796 1105 1843 postea,
1140 1805 1219 1831 cum
1257 1791 1402 1831 Caesar
1438 1791 1622 1842 duplicem
1657 1792 1704 1830 ab
1738 1794 1904 1832 omnibus
1930 1798 2102 1848 populis,
2139 1803 2202 1851 qui

259 1862 450 1901 Cherusco
480 1857 634 1897 foedere
665 1856 849 1895 coniuncti
876 1859 1001 1904 erant,
1034 1858 1301 1906 reportaverat
1325 1855 1540 1905 victoriam,
1581 1855 1794 1894 desciscere
1829 1869 1850 1895 a
1880 1858 2058 1898 Romanis
2087 1874 2201 1901 ausus

258 1925 566 1973 erat—postero
596 1923 786 1969 tempore,
812 1930 886 1969 quo
906 1919 1049 1958 Caesar
1074 1922 1156 1970 ipse
1173 1920 1317 1968 ingenti
1334 1920 1445 1957 maris
1462 1921 1686 1969 tempestate
1711 1919 1950 1961 vehementer
1965 1935 2008 1961 se
2028 1925 2202 1964 afflictum

257 1991 415 2034 fatetur,
452 1997 525 2025 non
564 1985 672 2023 modo
706 1994 778 2021 non
814 1983 928 2022 audet
953 1984 1164 2023 desciscere
1188 1996 1209 2022 a
1226 1983 1423 2032 Romanis,
1465 1982 1533 2020 sed
1558 1981 1668 2021 etiam
1698 1983 1788 2022 miro
1805 1984 2052 2026 Romanorum
2074 2001 2200 2029 amore

257 2055 429 2091 incensus
466 2050 602 2087 milites
628 2048 818 2086 Romanos
854 2048 1053 2095 naufragio
1081 2048 1310 2085 disturbatos
1338 2049 1377 2085 et
1402 2045 1448 2083 ad
1477 2046 1646 2083 miseram
1674 2047 1773 2096 apud
1800 2048 1982 2088 barbaros
2006 2053 2203 2092 servitutis

255 2115 499 2155 conditionem
535 2113 714 2163 delapsos
742 2110 789 2149 ab
817 2110 891 2148 illis
922 2111 1129 2149 nationibus
1166 2110 1312 2149 redimit
1358 2111 1397 2147 et
1427 2109 1474 2147 ad
1500 2107 1667 2148 Rhenum
1697 2111 1861 2150 remittit.
1920 2112 2003 2166 Qua
2027 2114 2062 2152 in
2090 2127 2131 2154 re
2162 2120 2204 2156 ut

255 2191 395 2230 saepe,
436 2178 597 2216 incuriae
631 2179 734 2215 certe
770 2175 849 2212 iure
882 2185 1086 2223 arguemus
1115 2175 1305 2223 Tacitum,
1343 2175 1404 2224 qui
1440 2184 1502 2212 res
1539 2176 1612 2212 tarn
1640 2173 1819 2212 obscuras
1848 2175 2024 2215 Romanis
2050 2180 2204 2228 perinde

256 2257 299 2285 ac
326 2243 435 2283 nobis
463 2243 611 2291 tamque
640 2239 782 2278 alienas
814 2250 835 2277 a
864 2238 1040 2278 veritatis
1065 2238 1196 2288 specie
1227 2241 1290 2276 aut
1320 2240 1460 2277 temere
1489 2236 1685 2277 tradiderit
1712 2240 1866 2278 autnon
1883 2241 1978 2280 satis
1994 2241 2203 2284 illustrarit.

377 2326 453 2365 Iam
494 2324 590 2374 quod
623 2322 793 2373 sequitur
817 2319 1040 2370 colloquium
1070 2322 1166 2359 inter
1192 2320 1392 2358 ArminIum
1423 2322 1462 2359 et
1488 2318 1658 2358 Flavium
1694 2320 1741 2359 ad
1767 2321 2010 2362 delectandos
2033 2324 2199 2364 lectores

254 2393 286 2428 si
318 2402 390 2429 non
426 2389 550 2427 fictum
586 2389 625 2424 at
660 2388 765 2425 certe
805 2386 1024 2421 exornatum
1066 2384 1235 2422 videtur:
1274 2386 1429 2422 veteres
1465 2383 1557 2420 enim
1591 2393 1711 2421 rerum
1748 2384 1953 2434 scriptores
1979 2398 2051 2426 non
2082 2388 2201 2428 solum

251 2467 369 2493 rerum
401 2451 577 2492 memoria
602 2450 671 2488 sed
695 2449 807 2489 etiam
829 2447 992 2486 oratoria
1015 2449 1096 2486 arte
1110 2445 1153 2498 *J
1177 2450 1216 2485 et
1243 2448 1427 2498 prodesse
1462 2449 1501 2486 et
1522 2445 1711 2486 delectare
1737 2448 1869 2488 volunt
1895 2451 2101 2503 eodemque
2122 2454 2204 2493 tere

315 2621 349 2662 ⁴¹)
376 2619 423 2652 tji‘.
449 2618 514 2651 Cic.
538 2618 577 2651 de
601 2618 665 2659 leg.
689 2616 719 2652 Ι,
745 2621 775 2650 2.
792 2634 833 2641 —
856 2615 897 2649 de
921 2625 971 2649 or.
994 2614 1043 2654 ll,
1066 2619 1096 2650 9.
1123 2619 1174 2652 13,
1196 2619 1246 2650 15.
