2452 3445
1017 225 1384 267 -2—

229 349 380 399 poterat
413 357 586 396 operam,
622 347 738 396 atque
773 346 809 383 iu
843 344 1119 394 „Germania“
1158 357 1247 395 sua,
1284 345 1346 383 ubi
1384 355 1457 383 uua
1492 346 1529 383 iu
1561 357 1604 385 re
1638 348 1741 385 totus
1771 350 1869 387 erat.
1931 346 2031 386 Nihil
2067 347 2183 395 igitur

228 423 301 451 uon
340 409 515 449 dissimile
552 411 705 459 praeter
740 411 935 458 tempora,
971 407 1103 457 quibus
1140 420 1259 459 opera
1295 407 1358 446 illa
1385 407 1524 447 edidit:
1560 420 1643 447 uam
1683 421 1763 447 cum
1802 409 1966 450 Traiano
1992 412 2179 459 regnante

232 479 271 515 et
306 502 332 525 „
345 473 574 513 Germaniam
587 472 613 496 ‘⁶
642 470 714 524 [cf.
744 472 871 512 Germ.
909 482 944 510 e.
972 469 1045 522 37)
1081 472 1121 510 et
1150 471 1341 512 Historias
1366 469 1439 522 [cf.
1468 471 1568 511 Hist.
1601 471 1634 511 Ι.
1668 471 1727 524 1.)
1762 473 1882 511 editas
1908 474 1993 524 ipse
2019 475 2182 513 testetur

231 538 499 588 Annaliumque
536 537 674 586 primos
704 537 809 575 certe
837 534 954 572 libros
989 534 1057 571 suh
1089 535 1220 573 eodem
1246 535 1476 585 Imperatore
1504 535 1669 584 scriptos
1697 546 1786 573 esse
1814 536 1893 573 iure
1920 536 2183 576 concludamus

234 613 283 639 ex
313 599 452 638 Annal.
479 599 527 637 11.
553 598 630 637 61:
668 599 704 635 iu
741 598 862 636 omnia
896 598 960 635 illa
996 608 1111 646 opera
1147 599 1394 647 conveniunt,
1435 609 1529 648 quae
1565 598 1648 647 ipse
1687 597 1734 636 de
1772 599 1952 638 felicitate
1980 602 2184 650 temporum

233 663 426 714 praedicat
453 663 554 701 Hist.
573 660 604 698 Ι.
626 660 684 699 1.:
711 672 929 712 quamquam
959 660 1105 699 felicius
1129 659 1228 697 haud
1253 660 1365 698 dubie
1382 660 1520 699 Tacito
1546 658 1757 711 apparebat
1783 662 1874 699 illud
1899 665 2067 712 tempus,
2095 674 2185 713 quo,

233 738 315 764 cum
354 738 406 764 ex
440 725 662 763 saevissimo
690 725 892 762 Domitiani
919 724 1076 772 imperio
1115 723 1364 772 emersisset,
1389 724 1552 762 libellum
1590 724 1636 761 de
1664 723 1861 762 Germania
1892 725 2017 763 edidit.
2084 726 2188 777 Quae

234 789 354 827 omnia
390 789 453 838 qui
480 789 551 826 rite
586 788 904 837 ponderaveriut‚
941 786 1134 824 maximam
1171 785 1365 824 invenient
1402 798 1425 824 a
1453 786 1590 825 Tacito
1631 797 1782 836 operam
1813 787 2031 827 collocatam
2057 788 2187 826 sinon

234 852 271 891 iu
299 850 595 902 perscribendis,
626 853 666 891 at
691 853 795 891 certe
821 851 858 889 iu
881 848 1161 902 perscrutandis
1187 849 1323 899 rebus,
1357 860 1451 901 quae
1482 850 1518 888 iu
1541 849 1670 888 libello
1701 849 1747 888 de
1766 849 1964 889 Germania
1989 850 2187 900 separatim

236 916 445 964 conscripto
472 916 683 954 tractantur
704 937 759 943 —
785 915 961 953 minorem
991 915 1027 952 in
1055 913 1168 951 rebus
1193 913 1351 951 Batavis
1378 914 1544 964 receptis
1570 914 1608 951 in
1632 913 1821 952 Historias
1847 914 1973 952 multis
1998 925 2077 952 cum
2104 913 2187 950 aliis

237 980 346 1017 rebus
372 998 426 1005 —
453 980 631 1017 minimam
660 980 697 1016 in
728 979 842 1016 rebus
872 977 1100 1015 Germanicis
1125 977 1277 1015 insertis
1307 977 1344 1014 iu
1367 976 1538 1014 Annales
1560 976 1728 1026 plurimis
1756 990 1836 1016 cum
1863 978 1977 1015 rebus
2004 977 2099 1015 aliis.

358 1050 441 1088 Nos
478 1052 626 1089 omissis
663 1051 699 1089 iu
728 1061 912 1101 praesens
944 1050 1083 1088 ceteris
1119 1049 1255 1098 rebus,
1293 1049 1447 1099 primum
1487 1048 1534 1087 de
1566 1048 1679 1087 bellis
1714 1061 1933 1101 quaeramus
1964 1048 2190 1088 Germanicis

237 1115 275 1151 et
310 1123 362 1151 ex
391 1112 449 1151 his
484 1113 555 1153 hoc
594 1114 680 1153 loco
706 1114 811 1153 solas
844 1113 1052 1152 Germanici
1089 1112 1354 1163 expeditiones
1382 1111 1591 1161 eligamus,
1628 1124 1722 1163 quas
1749 1113 1796 1150 ad
1822 1112 2072 1152 ulciscendam
2099 1111 2190 1150 Vari

236 1176 378 1214 cladem
417 1180 614 1227 susceptas
641 1178 798 1215 Tacitus
836 1178 872 1213 in
898 1176 1095 1214 Annalium
1133 1175 1219 1212 libr.
1245 1174 1277 1211 Ι.
1306 1176 1345 1213 et
1373 1174 1420 1212 11.
1454 1175 1611 1212 brevius
1647 1178 1688 1213 et
1715 1176 1832 1213 minus
1860 1187 1953 1214 vere
1980 1176 2192 1224 descripsit,

236 1249 343 1289 quam
369 1238 505 1277 bellum
536 1240 626 1277 illud
653 1240 837 1278 Batavum
876 1239 912 1276 in
937 1238 1115 1276 Historiis
1147 1237 1386 1287 descriptum.
1447 1238 1623 1276 Nimirum
1652 1239 1874 1277 verissimus
1898 1250 2019 1277 rerum
2047 1240 2192 1287 auctor,

235 1313 333 1353 quae
367 1302 451 1351 ipse
492 1305 556 1341 aut
589 1303 741 1342 viderat
776 1306 840 1341 aut
875 1303 921 1340 ab
960 1302 1179 1352 aequalibus
1216 1302 1408 1350 audierat,
1447 1302 1568 1340 fusius
1605 1304 1644 1340 et
1681 1303 1811 1341 verius
1848 1314 2003 1341 narrare
2028 1303 2194 1352 poterat,

237 1376 345 1416 quam
387 1365 473 1415 illa,
517 1376 613 1416 quae
654 1376 677 1403 a
712 1365 792 1403 suis
826 1366 1056 1415 temporibus
1092 1367 1235 1404 remota
1274 1364 1430 1404 consilio
1467 1365 1532 1402 vel
1580 1365 1721 1403 incuria
1758 1367 1949 1404 auctorum
1986 1364 2195 1402 adulterata

234 1429 441 1466 invenerat.

360 1510 520 1548 Primum
548 1512 667 1558 igitur
694 1511 969 1560 perlustrantes
996 1511 1169 1557 singulas
1199 1510 1407 1550 Germanici
1437 1512 1701 1562 expeditiones
1732 1511 1944 1558 videamus,

360 1594 485 1632 quae
510 1594 532 1620 a
556 1583 779 1621 veritate
807 1583 1097 1632 discrepare
1125 1580 1410 1621 videantur:

239 1643 370 1684 deiude
401 1655 646 1696 quaeramus,

341 1717 574 1768 quomodo
609 1718 827 1768 scriptor
866 1718 1107 1756 veritatis
1144 1717 1497 1756 amantissimus
1533 1730 1556 1756 a
1582 1719 1806 1758 veritate
1846 1719 2072 1757 aberrare
2102 1730 2193 1768 po-

344 1781 511 1818 tuerit.

364 1852 405 1891 lu
433 1854 552 1904 prima
579 1852 823 1903 expeditione
851 1852 1036 1890 adversus
1058 1852 1210 1891 Marsos
1238 1852 1362 1891 subito
1394 1855 1575 1903 suscepta
1602 1851 1761 1904 (Annal.
1785 1853 1815 1891 1.
1839 1853 2037 1906 49—51)
2063 1854 2193 1904 Marsi,

243 1917 304 1967 qui
330 1928 439 1966 „uon
463 1916 597 1967 procul
624 1913 843 1964 agitarint“
873 1915 987 1952 celari
1010 1917 1182 1965 potuisse
1211 1917 1473 1956 existimantur
1499 1917 1546 1954 de
1576 1919 1680 1956 tanto
1707 1918 1879 1968 incepto,
1910 1920 2017 1969 quasi
2044 1918 2193 1957 silentio

242 1980 473 2028 „duodecim
500 1979 598 2017 milia
629 1990 651 2016 e
678 1978 915 2027 legionibus,
943 1989 1014 2014 sex
1043 1981 1082 2016 et
1107 1980 1246 2028 viginti
1272 1981 1400 2018 sociae
1422 1980 1618 2030 cohortes,
1647 1982 1732 2020 octo
1750 1983 1910 2032 equitum
1932 1982 2053 2021 alae“
2084 1983 2193 2021 etiam

242 2042 498 2081 brevissimam
542 2042 590 2080 ad
626 2042 907 2091 expeditionem
945 2042 1097 2092 instrui,
1138 2044 1263 2083 iuncto
1297 2046 1414 2093 ponte
1448 2043 1617 2083 Rhenum
1657 2046 1851 2095 traiicere,
1895 2048 2022 2086 castra
2054 2046 2194 2095 locare,

244 2105 559 2155 „concaedibus“
589 2106 747 2155 munita,
787 2104 835 2143 ad
866 2104 966 2142 viam
994 2106 1228 2144 sternendam
1254 2108 1366 2145 nocte
1393 2106 1580 2145 sideribus
1607 2107 1765 2158 illustri,
1804 2108 2111 2160 tempestatibus,
2154 2111 2195 2147 ut

244 2170 376 2218 eollIgi
400 2170 520 2219 licet,
557 2181 630 2207 nou
654 2169 897 2219 perturbata,
942 2180 1035 2207 souo
1073 2170 1260 2209 dilatando
1287 2172 1381 2209 satis
1411 2173 1522 2221 apta,
1563 2172 1790 2221 „obstantia
1817 2174 1997 2211 silvarum
2017 2173 2196 2211 amolir1“

243 2234 432 2282 potuerint
457 2234 538 2270 siue
568 2233 754 2282 strepitu,
792 2243 899 2282 quem
935 2233 1116 2270 exaudire
1143 2235 1301 2282 possent
1326 2233 1495 2283 barbari,
1532 2246 1606 2272 uon
1632 2236 1766 2285 procul
1790 2238 1976 2286 agentes,
2009 2235 2195 2283 sensibus,

243 2299 283 2336 ut
306 2298 456 2336 barbari
481 2296 723 2347 plerumque,
750 2295 973 2334 acutissimis
1001 2296 1174 2345 praediti.
1233 2296 1408 2335 Nimirum
1436 2298 1489 2346 „s
1494 2300 1642 2337 estam
1669 2309 1766 2337 eam
1794 2288 1974 2339 noctem
2004 2313 2056 2341 ac
2083 2296 2193 2339 sol—

242 2359 476 2401 lemnibus
511 2357 669 2412 epulis
710 2357 984 2398 ludicram“
1039 2357 1186 2399 Caesar
1223 2370 1292 2412 per
1326 2359 1593 2413 exploratores
1620 2361 1792 2401 audierat
1818 2364 2033 2419 stratosque
2058 2374 2195 2403 revera

241 2425 422 2463 barbaros
446 2426 587 2462 invenit
623 2433 730 2472 „per
760 2424 894 2460 cubilia
917 2427 1151 2473 propterque
1181 2435 1327 2461 mensas
1338 2426 1363 2446 “
1390 2427 1480 2462 vino
1507 2437 1575 2462 suo
1603 2438 1809 2477 somnoque
1835 2441 1981 2476 graves
2007 2432 2089 2465 stne
2120 2430 2196 2464 ulla

242 2490 331 2528 belli
355 2492 623 2539 custodiaeque
650 2500 755 2527 cura.
808 2487 915 2536 Ergo
943 2486 1062 2526 Marsi
1086 2486 1200 2527 validi
1228 2488 1361 2539 aegri,
1390 2488 1464 2528 viri
1491 2488 1687 2540 mulieres,
1716 2491 1823 2541 pueri
1843 2491 2019 2543 puellae,
2046 2503 2193 2531 senes-

243 2553 364 2591 cuucti
388 2552 572 2593 ebrietate
602 2551 723 2591 obruti
747 2560 821 2589 non
844 2549 1042 2588 stridorem
1068 2561 1274 2602 serrarum,
1303 2562 1377 2591 nou
1403 2553 1596 2601 fragorem
1617 2553 1785 2592 arborum
1807 2556 2096 2605 concidentium,
2121 2565 2194 2594 uou

238 2618 434 2664 strepitum
461 2619 554 2655 tanti
581 2617 775 2653 exercitus
802 2617 1036 2653 audiverunt.
1090 2616 1171 2653 Nec
1202 2628 1314 2653 canes
1347 2618 1506 2653 affuisse
1537 2621 1602 2655 aut
1627 2620 1750 2655 surdis
1782 2621 2065 2657 temulentorum
2089 2621 2194 2659 auri-

237 2680 308 2720 bus
332 2680 494 2720 latrasse
519 2680 707 2720 videntur.
757 2677 816 2718 Ne
842 2676 977 2718 multa:
1005 2689 1210 2731 enuuquam
1234 2677 1314 2719 lieri
1344 2679 1495 2731 potest,
1533 2682 1574 2722 ut
1602 2682 1661 2724 tot
1688 2681 1825 2723 milites
1854 2678 2069 2733 (duodecim
2092 2680 2192 2722 milia
