2452 3445
1017 166 1415 209 *15—

239 293 470 341 cognosset,
508 289 538 327 si
568 288 614 327 de
641 290 775 327 natura
803 289 942 329 Oceani
976 289 1071 328 satis
1099 288 1257 328 edoctus
1285 289 1446 341 fuisset,
1480 289 1728 343 fallacemque
1758 303 1800 330 re
1829 304 1923 332 vera
1952 284 2136 343 coguovit
2162 294 2197 331 in

240 357 386 405 reditu,
416 354 488 392 etsi
513 353 640 391 adulta
657 356 808 404 aestas,
837 366 911 405 qua
929 354 1061 404 rediit,
1088 355 1212 403 magis
1238 357 1448 405 opportuna
1475 358 1558 395 erat
1574 355 1831 406 navigationi,
1858 369 1965 408 quam
1983 360 2087 397 veris
2104 360 2197 397 tem-

176 447 178 450 >
239 432 332 471 pus,
359 430 433 470 quo
452 417 728 468 expeditionem
752 419 970 469 suscepisse
988 418 1166 457 creditur.
1209 418 1414 457 Praeterea
1431 429 1504 456 non
1530 418 1716 471 legimus,
1744 419 1954 461 Germanici
1980 425 2045 461 aut
2070 423 2199 474 copias

240 486 304 522 aut
321 485 547 521 commeatus
567 483 733 519 vexatos
751 484 1046 531 perturbatosve
1066 483 1184 520 fuisse
1201 484 1238 520 in
1254 483 1547 532 incursionibus,
1578 495 1671 534 quas
1687 485 1750 522 ille
1768 485 1804 522 in
1825 484 1990 534 Marsos,
2018 487 2054 524 ln
2076 486 2199 526 Chat-

240 551 323 597 tos,
356 547 392 584 in
432 546 654 594 BructeroS,
695 546 730 583 in
768 544 983 585 Cheruscos
1018 557 1137 596 usque
1174 546 1222 585 ad
1260 545 1351 584 illud
1385 548 1532 597 tempus
1562 546 1728 598 fecerat,
1768 551 1934 588 vexatos
1962 561 2055 588 vero
2086 550 2197 590 attri-

240 612 378 662 tosque
406 610 442 647 in
470 609 589 646 reditu
618 610 657 645 et
685 620 736 645 ex
762 609 971 646 Marsorum
999 610 1103 647 terra
1133 611 1173 647 et
1200 620 1251 647 ex
1279 610 1377 647 silva
1407 609 1741 657 Teutoburgiensi.

366 674 551 712 Universe
586 673 704 719 igitur
746 675 826 710 tres
864 672 952 709 illae
989 683 1171 721 caussae,
1217 684 1317 724 quae
1358 672 1614 711 Germanicum
1650 678 1963 723 commoverant,⁴
1986 677 2028 713 ut
2053 676 2198 714 mariti-

241 749 335 775 mam
375 735 648 786 expeditionem
687 735 916 785 susciperet,
964 735 1000 772 in
1034 734 1105 774 hac
1132 737 1237 774 certe
1265 736 1507 786 expeditione
1534 737 1729 776 maximam
1756 740 1901 788 partem
1929 737 2058 776 irritae
2082 741 2200 777 erant.

365 798 440 837 lam
467 809 562 838 vero
592 802 826 838 transeamus
854 798 901 836 ad
933 798 1212 849 expeditionem
1238 800 1369 850 ipsam.

367 863 461 900 Dum
490 864 693 911 adiguntur
721 875 866 913 naves,
902 862 1143 901 Germanicus
1158 864 1289 902 Silium
1316 864 1484 912 legatum
1513 875 1593 902 cum
1617 865 1798 914 expedita
1824 877 1931 904 manu
1961 867 2199 915 irruptionem

244 928 279 965 in
309 918 467 965 Chattos
507 927 634 965 facere
670 927 793 965 iubet:
838 927 923 976 qui,
962 938 1042 965 cum
1078 926 1309 965 iuventutem
1343 927 1413 965 iam
1451 926 1497 965 ad
1527 926 1719 976 Visurgim
1745 929 1954 979 misissent,
1994 941 2070 980 quo
2097 929 2199 967 Ger-

244 991 337 1029 mani
373 989 529 1028 foedere
567 989 752 1029 coniuncti
790 989 958 1029 Arminio
997 990 1091 1029 duce
1119 989 1190 1027 iam
1218 989 1446 1029 convenisse
1473 989 1669 1041 videntur,
1704 1003 1750 1030 ne
1778 1003 1931 1031 uxorem
1962 993 2105 1045 quidem
2135 995 2198 1032 aut

241 1056 348 1093 tiliam
381 1054 558 1105 principis
599 1055 656 1091 sui
687 1054 890 1093 defendere
915 1055 1092 1104 poterant
1119 1053 1349 1104 eandemque
1379 1054 1545 1093 fortasse
1571 1065 1721 1104 senum,
1759 1057 1969 1106 mulierum,
2008 1058 2198 1095 infantium

246 1119 418 1167 caedem,
469 1127 540 1168 qua
573 1116 813 1156 Germanicus
852 1130 948 1157 anno
989 1121 1076 1156 ante
1111 1117 1147 1152 in
1177 1126 1246 1152 eos
1279 1116 1492 1165 saevierat,
1531 1119 1682 1167 experti
1709 1121 1860 1167 essent,
1895 1122 1928 1157 si
1958 1120 2041 1158 Silii
2072 1130 2200 1168 expe-

244 1183 335 1221 ditio
369 1182 497 1220 eadem
537 1182 661 1219 terrae
701 1182 895 1232 siccitate,
936 1194 1009 1233 qua
1040 1180 1247 1220 Germanici
1286 1180 1501 1230 expeditio,
1537 1180 1662 1221 adiuta
1690 1183 1841 1222 fuisset.
1895 1183 1949 1223 At
1975 1195 2068 1235 quos
2098 1182 2198 1222 Ger-

246 1246 410 1284 manicus
440 1247 513 1282 tum
542 1246 725 1282 metuerat
751 1245 888 1283 imbres
918 1247 1123 1294 auctusque
1153 1243 1356 1292 fluminum,
1384 1243 1437 1280 illi
1458 1243 1589 1281 Silium
1616 1255 1659 1282 re
1676 1257 1769 1283 vera
1785 1246 2067 1297 prohibuerunt.
2122 1247 2199 1284 lam

242 1310 507 1356 Germanicus,
538 1308 620 1344 dum
649 1309 765 1345 Silius
791 1310 827 1346 in
858 1307 1019 1346 Chattos
1045 1307 1234 1355 irrumpit,
1264 1307 1347 1355 ipse
1376 1308 1424 1345 ad
1452 1308 1647 1346 castellum
1677 1310 1848 1358 Luppiae
1877 1311 2012 1348 flumini
2038 1311 2198 1359 apposi-

245 1376 320 1414 tum
361 1371 552 1411 obsidione
586 1370 815 1411 liberandum
842 1372 1040 1424 properat.
1093 1368 1287 1409 Alisonem
1318 1368 1511 1409 castellum
1539 1369 1700 1422 intelligi
1728 1371 1900 1425 idemque
1927 1383 2046 1424 prope
2074 1371 2200 1411 fontes

244 1437 412 1486 Luppiae
446 1438 679 1473 exstructum
714 1437 856 1484 fuisse,
901 1435 1105 1473 verisimile
1143 1438 1224 1482 est,
1260 1446 1341 1472 cum
1369 1435 1467 1484 quod
1494 1436 1530 1471 id
1558 1437 1677 1485 ipsum
1703 1437 1801 1474 Ann.
1830 1438 1885 1486 11,
1912 1438 1951 1474 7.
1978 1436 2050 1486 [cs.
2078 1440 2199 1473 tamen

245 1500 430 1538 Waltheri
456 1497 818 1549 interpretationem)
842 1499 1050 1536 nominatim
1078 1498 1315 1547 appellatur,
1352 1500 1427 1535 tum
1456 1498 1555 1548 quod
1584 1498 1824 1539 Germanicus
1848 1501 1895 1539 ad
1923 1499 2059 1538 silvam
2089 1498 2199 1537 Teu-

243 1563 524 1611 toburgienscm
560 1563 772 1601 accessisse
811 1562 973 1600 videtur.
1026 1561 1121 1600 Nam
1151 1560 1349 1609 tumulum,
1388 1572 1497 1611 quem
1537 1561 1620 1612 ipse
1650 1573 1767 1612 nuper
1792 1561 1963 1601 Varianis
1986 1561 2200 1610 legionibus

244 1629 510 1675 exstruxerat,
556 1638 577 1664 a
613 1626 808 1666 Germanis
840 1626 1035 1664 disiectum
1071 1627 1137 1665 aut
1169 1624 1266 1664 vidit
1301 1626 1367 1663 aut
1400 1624 1546 1665 audivit
1584 1625 1705 1678 deque
1739 1626 1972 1664 restituendo
2009 1625 2074 1664 illo
2100 1624 2198 1663 deli-

243 1691 392 1729 beravit
429 1689 547 1739 (Ann.
582 1690 641 1739 11,
679 1690 754 1741 7.).
816 1689 872 1727 At
904 1690 1080 1739 primum,
1121 1690 1162 1726 ut
1196 1689 1265 1725 iam
1293 1688 1435 1737 pridem
1462 1691 1636 1728 notarunt
1661 1690 1735 1727 viri
1767 1690 1890 1739 docti,
1927 1701 2000 1727 non
2024 1692 2198 1740 apparet,

244 1755 329 1806 quis
359 1753 551 1792 Alisonem
588 1753 783 1793 castellum
820 1765 842 1791 a
882 1752 1076 1791 Germanis
1112 1764 1185 1790 non
1221 1751 1335 1791 multo
1367 1755 1457 1803 post
1484 1753 1627 1792 cladem
1653 1752 1850 1792 Varianam
1879 1753 2046 1793 relictum
2076 1752 2197 1804 [Veli.

244 1819 330 1857 Pat.
366 1817 422 1867 ll,
462 1816 572 1868 120.)
610 1820 648 1857 et
675 1818 755 1856 sine
792 1817 903 1855 dubio
935 1817 1115 1865 dirutum,
1166 1816 1287 1854 denuo
1324 1817 1572 1856 exstruxerit.
1635 1815 1674 1856 A
1717 1816 1871 1856 Tiberio
1907 1818 2033 1856 statim
2064 1818 2109 1856 ab
2132 1816 2195 1855 illa

247 1882 352 1921 clade
388 1882 424 1918 in
454 1880 685 1919 Germaniam
712 1882 826 1918 misso
855 1882 1087 1919 exstructum
1114 1891 1221 1918 nemo
1246 1882 1394 1929 narrat,
1430 1892 1477 1919 ne
1505 1880 1675 1919 Velleius
1704 1881 1874 1932 quidem,
1913 1882 1974 1932 qui
1999 1880 2094 1920 hanc
2127 1892 2196 1920 oc-

248 1947 431 1985 casionem
470 1945 517 1983 de
556 1944 699 1981 Tiberii
726 1944 868 1983 virtute
899 1943 1139 1994 praedicandi
1166 1954 1239 1981 non
1264 1944 1474 1983 omisisset:
1509 1955 1579 1984 nec
1604 1945 1638 1983 si
1666 1944 1712 1983 ab
1736 1944 1800 1982 iilo
1826 1947 2058 1984 exstructum
2080 1947 2199 1993 esset,

247 2010 418 2050 Germani
449 2009 664 2059 quiescente
690 2008 793 2046 bello
822 2008 997 2046 intactum
1027 2007 1278 2059 reliquissent.
1333 2007 1440 2056 Ergo
1466 2020 1547 2047 cum
1573 2010 1663 2060 post
1689 2008 1878 2047 Tiberium
1906 2019 2013 2048 nemo
2036 2009 2072 2046 in
2098 2007 2199 2047 Ger-

246 2074 400 2112 maniam
435 2072 661 2120 invasisset,
702 2070 790 2109 nihil
826 2073 967 2120 restat,
1012 2071 1084 2108 nisi
1119 2073 1161 2109 ut
1197 2084 1220 2110 a
1256 2071 1473 2110 Germanico
1511 2072 1596 2122 ipso
1633 2073 1844 2111 restitutum
1883 2073 2091 2111 credamus.
2143 2071 2198 2111 At

247 2138 310 2175 ille
339 2136 521 2187 quomodo
549 2136 750 2173 restituere
778 2134 947 2184 potuerit
976 2145 1048 2171 non
1076 2137 1257 2184 apparet:
1293 2147 1375 2174 nam
1403 2137 1500 2184 tum,
1535 2146 1616 2173 cum
1644 2136 1849 2184 Segestem
1876 2135 2072 2174 obsidione
2096 2135 2196 2173 libe-

245 2201 379 2249 rabat,
403 2199 536 2249 raptim
565 2199 843 2249 expeditionem
870 2199 1037 2246 fecerat,
1065 2201 1105 2237 et
1131 2200 1301 2250 proximo
1329 2209 1445 2247 anno,
1473 2210 1546 2249 quo
1574 2199 1611 2237 in
1637 2198 1738 2238 silva
1760 2199 2083 2251 Teutoburgiensi
2110 2199 2195 2238 cla—

247 2266 328 2303 dem
368 2264 536 2312 aceepit,
581 2263 648 2299 vix
688 2265 934 2312 opportunum
961 2263 1107 2311 tempus
1137 2265 1269 2302 nactus
1295 2275 1383 2301 esse
1411 2262 1583 2312 videtur,
1622 2274 1694 2313 quo
1722 2275 1818 2313 opus
1845 2263 2063 2313 perficeret,
2098 2263 2196 2315 quod

248 2341 315 2379 per
344 2329 530 2375 integram
555 2324 709 2364 hiemem
738 2327 966 2365 obsidionem
996 2325 1262 2364 Germanorum
1293 2326 1507 2364 sustineret.
2016 2373 2019 2375 ,

374 2390 446 2444 Qui
473 2401 494 2426 a
521 2390 565 2428 L.
594 2390 777 2428 Stertinio
805 2390 988 2430 conditum
1017 2389 1210 2429 castellum
1240 2390 1457 2438 confidunt,
1498 2388 1606 2428 velut
1632 2389 1885 2438 Ledeburius,
1923 2390 2044 2429 verba
2073 2389 2196 2428 Taciti

250 2457 345 2495 Ann.
368 2456 409 2505 1,
435 2453 502 2494 60.
526 2456 625 2492 extr.

370 2520 562 2568 „ductum
589 2518 679 2555 inde
705 2530 848 2567 agmen
875 2518 928 2555 ad
955 2518 1106 2555 ultimos
1136 2517 1415 2555 Bructerorum
1442 2523 1703 2568 quantumque
1731 2516 1922 2554 Amisiam
1948 2522 1985 2552 et
2002 2514 2194 2566 Luppiam

248 2596 382 2622 amnes
416 2585 535 2631 inter,
579 2587 773 2620 vastatum
808 2581 917 2619 haud
947 2582 1088 2632 procul
1118 2580 1441 2631 Teutoburgiensi
1462 2580 1586 2628 saltu,
1620 2581 1661 2617 a'n
1686 2593 1760 2631 quo
1786 2580 1986 2629 relliquiae
2020 2577 2114 2617 Van·
2139 2581 2193 2619 le—

247 2649 479 2696 gionumque
520 2646 738 2695 insepultae
775 2645 1058 2693 dicebantur‚“
1110 2644 1156 2682 ad
1195 2644 1412 2682 Stertinium
1449 2644 1617 2681 referunt
1653 2655 1809 2693 eumque
1849 2644 2001 2680 vastata
2037 2644 2195 2691 regione

2102 2706 2200 2746 inter
