2452 3445
1015 167 1413 209 —10—

248 291 530 339 toburgieusem
556 293 756 338 penetrare
784 300 858 326 non
882 290 1006 337 potuit
1031 288 1152 338 (Arm.
1182 287 1222 337 l,
1251 289 1317 337 61,
1344 288 1427 338 2.);
1464 293 1577 339 atque
1601 291 1636 327 in
1667 290 1788 327 reditu
1813 289 1978 329 Caecina
2008 303 2077 340 per
2105 302 2207 340 pon-

253 357 314 392 tes
346 355 484 402 longos
516 351 689 401 paludum
733 351 876 399 uligine
913 363 1163 402 aquarumque
1203 352 1250 390 de
1278 352 1460 391 montibus
1488 352 1722 391 defluentium
1753 363 1935 391 concursu
1968 353 2209 392 veliementer

253 418 413 457 afflictus
440 417 501 454 est
537 413 657 466 (Anu.
683 414 720 464 1,
751 413 977 467 63—68.).
1029 415 1137 464 Ergo
1167 417 1274 456 iustis
1304 416 1546 455 Germanicus
1572 417 1717 455 caussis
1746 418 1950 455 commotus
1977 429 2066 456 esse
2092 417 2209 456 vide-

255 484 315 519 tur
340 481 386 518 ad
415 480 620 517 exercitum
647 479 907 516 reducendum.
960 479 1041 517 Nec
1068 480 1216 529 quievit
1241 479 1326 527 ille,
1356 478 1424 516 sed
1454 478 1625 516 collectis
1644 482 1827 529 navibus,
1856 482 1947 530 quot
1965 491 2060 529 opus
2077 485 2208 518 essent

256 545 302 583 ad
329 546 507 593 quattuor
532 543 706 591 legiones
736 543 975 581 traiiciendas
1005 545 1213 593 paratoque
1241 545 1445 581 commeatu
1474 544 1580 581 terra
1602 546 1766 595 marique
1796 545 1842 583 ad
1872 543 2049 582 Amisiam
2078 544 2209 582 flumen

254 610 408 647 cunctas
435 608 543 646 duxit
571 607 713 657 copias.
770 606 812 645 ln
835 606 893 645 his
921 607 1170 658 quadraginta
1200 605 1377 645 cohortes
1404 606 1596 646 Romanae
1624 619 1693 658 per
1723 609 1985 648 Bructerorum
2016 606 2109 645 lines
2138 608 2209 647 iter

252 673 424 710 fecerant
460 670 621 711 Caecina
658 672 774 710 duce:
807 682 876 710 nec
909 675 1029 709 tamen
1061 671 1226 711 Caecina
1248 671 1318 710 hoc
1344 673 1380 709 in
1403 672 1558 720 itinere,
1592 673 1660 710 sed
1689 673 1731 711 [A.
1754 673 1956 711 Stertinius
1986 671 2159 720 „missus
2187 683 2211 710 a

254 734 476 774 Germanico
511 735 691 785 expedita
727 748 808 774 cum
846 747 953 773 marm
992 736 1199 775 Bructeros
1228 748 1296 775 sua
1335 738 1486 775 urentes
1521 736 1618 774 fudit
1651 736 1822 786 interque
1859 734 2036 785 praedam
2070 734 2213 784 reperit

254 800 554 839 undevicesimae
589 799 755 847 legionis
790 799 948 849 aquilam
984 811 1064 838 cum
1101 799 1205 839 Varo
1239 801 1410 839 amissam
1424 800 1450 823 “
1483 798 1603 850 (Anu.
1632 800 1671 849 1,
1701 799 1789 850 60.)
1846 800 2049 849 Utrumque
2084 797 2211 835 mirum

255 874 347 901 sane
382 875 449 900 nec
482 865 602 900 tamen
640 875 662 900 a
698 864 860 900 veritate
890 874 1046 912 prorsus
1081 864 1240 901 alienum
1267 864 1431 902 videtur.
1484 864 1656 901 Bructeri
1684 864 1783 901 ultro
1814 864 2038 901 recedentes
2067 872 2211 910 suaque

256 931 407 965 urentes
443 926 563 965 locum
603 939 755 976 pugnae
789 938 861 965 non
890 926 1093 965 dederunt:
1130 932 1169 966 at
1194 928 1266 967 huc
1294 928 1381 967 illuc
1411 928 1573 977 dispersi
1600 927 1830 977 deprehendi
1855 929 2031 977 poterant
2057 926 2104 963 ab
2133 936 2210 963 ex-

256 991 392 1041 peditis
426 991 545 1040 copiis
577 991 768 1040 StertInii,
802 990 864 1040 qui
901 988 1033 1028 hostes
1072 991 1170 1031 ultro
1199 992 1394 1041 fugientes
1421 992 1582 1040 fugasse
1612 991 1684 1030 sibi
1714 991 1821 1029 visus
1849 993 1921 1030 est.
1973 990 2066 1029 Plus
2097 988 2209 1026 dubi-

256 1055 403 1092 tationis
436 1055 607 1091 iniectum
649 1065 672 1091 a
707 1054 921 1091 recentibus
948 1066 1070 1091 rerum
1100 1056 1368 1104 scriptoribus,
1401 1055 1509 1092 velut
1535 1067 1558 1093 a
1583 1055 1775 1102 Ludenio,
1817 1054 1865 1090 de
1892 1053 2017 1103 aquila
2045 1055 2210 1102 reperta,

255 1118 425 1167 quoniam
464 1118 532 1153 va
569 1116 769 1164 credibile,
804 1119 1009 1156 Bructeros
1050 1131 1118 1155 sua
1151 1121 1286 1167 sponte
1321 1118 1586 1165 regredientes
1614 1119 1649 1155 in
1681 1118 1882 1166 postremis
1908 1117 2105 1167 reliquisse
2136 1118 2210 1152 tam

254 1181 402 1229 insigne
431 1180 548 1219 cladis
578 1179 763 1219 Varianae
786 1185 1066 1221 monumentum.
1122 1180 1184 1220 Cf.
1215 1182 1345 1220 Luden
1374 1179 1497 1230 (zeid).
1528 1181 1562 1222 b.
1592 1180 1759 1229 teutschen
1787 1179 1920 1221 2301&ss
1945 1180 1993 1219 ll.
2020 1194 2060 1230 p.
2089 1178 2183 1220 273.

381 1244 540 1283 Tacitus
565 1243 610 1281 de
639 1244 782 1282 duabus
812 1249 948 1285 tantum
976 1245 1112 1298 aquilis
1141 1245 1358 1283 mentionem
1386 1245 1500 1295 facit,
1532 1244 1651 1284 altera
1682 1245 1872 1283 Bructeris
1897 1242 2018 1296 [Ann.
2043 1242 2074 1293 1,
2103 1240 2207 1293 50),

255 1308 377 1347 altera
401 1308 540 1347 Marsis
565 1306 684 1359 (Ann.
712 1308 760 1358 ll,
788 1308 876 1361 25.)
906 1312 1058 1360 erepta:
1088 1309 1135 1346 de
1164 1309 1274 1346 tertia
1305 1308 1430 1359 aquila
1458 1309 1556 1347 sicut
1582 1309 1629 1347 de
1656 1309 1779 1357 signis
1806 1308 2071 1359 manipulorum
2092 1309 2207 1354 tacet,

253 1374 326 1411 nisi
354 1374 451 1424 quod
481 1373 657 1411 universe
688 1374 736 1411 ob
765 1376 921 1424 recepta
947 1374 1060 1421 signa
1088 1385 1167 1411 cum
1197 1373 1301 1412 Varo
1327 1373 1462 1412 amissa
1492 1384 1617 1412 arcum
1646 1384 1668 1411 a
1693 1373 1848 1412 Tiberio
1878 1371 2009 1423 (mxv
2027 1371 2057 1410 1.
2074 1384 2113 1421 p.
2138 1369 2207 1422 C.)

254 1436 411 1475 dicatum
440 1439 568 1474 narrat
594 1436 715 1486 [Ann.
744 1437 800 1487 11,
829 1436 917 1487 41.)
974 1436 1139 1474 Tertiam
1170 1436 1328 1486 aquilam
1355 1435 1522 1474 defuisse
1552 1436 1802 1476 concludimus
1830 1448 1881 1474 ex
1909 1436 2030 1474 Dione
2058 1434 2207 1483 Cassio,

255 1501 318 1551 qui
356 1501 422 1538 lib.
461 1499 555 1548 LX,
592 1499 633 1538 8.
669 1504 817 1550 narrat,
859 1501 928 1538 sub
962 1500 1191 1550 Imperatore
1230 1499 1388 1538 Claudio
1424 1501 1566 1538 demum
1604 1501 1751 1538 tertiam
1787 1500 1969 1550 aquilam,
2006 1510 2102 1550 quae
2126 1497 2209 1536 sola

254 1564 501 1613 permanserit
532 1563 568 1601 in
605 1563 772 1601 manibus
806 1563 1091 1612 Germanorum,
1132 1565 1406 1612 recuperatam.
1469 1563 1576 1612 Ergo
1615 1574 1662 1602 ue
1696 1563 1760 1602 illa
1798 1563 1946 1614 quidem
1971 1565 2108 1613 postea
2133 1562 2205 1600 de-

254 1629 369 1665 fuisse
398 1628 572 1676 videtur,
606 1639 735 1677 quam,
764 1629 806 1665 ut
833 1627 969 1665 Florus
993 1628 1122 1664 narrat
1147 1625 1233 1676 (lv,
1267 1626 1337 1675 12,
1367 1625 1462 1678 38),
1500 1628 1662 1676 signifer
1688 1628 1786 1665 intra
1812 1627 1929 1665 baltei
1954 1628 2011 1665 sui
2037 1626 2205 1665 latebras

255 1702 396 1739 gerens
434 1703 559 1730 secum
592 1692 627 1728 in
662 1693 852 1729 cruentam
881 1691 1056 1741 paludem
1083 1690 1329 1727 demerserat.
1382 1689 1488 1728 Hane
1516 1690 1649 1728 Florus
1673 1691 1857 1741 profunda
1884 1690 2020 1740 palude
2047 1691 2083 1728 in
2111 1700 2205 1740 per-

254 1757 405 1805 petuum
438 1753 605 1794 haustam
642 1756 848 1793 credidisse
888 1755 1040 1793 videtur
1074 1754 1242 1804 duasque
1270 1753 1435 1804 reliquas
1465 1766 1532 1792 sua
1563 1755 1587 1792 i.
1619 1766 1654 1793 e.
1680 1755 1856 1793 lladriani
1880 1757 2006 1793 aetate
2034 1753 2207 1792 barbaris

255 1820 413 1858 nondum
440 1820 593 1870 ereptas
620 1821 747 1857 narrat
773 1817 831 1856 his
857 1817 1007 1856 verbis:
1043 1819 1192 1866 „signa
1219 1819 1259 1855 et
1283 1817 1429 1869 aquilas
1456 1817 1548 1856 duas
1573 1817 1692 1857 adhuc
1722 1819 1870 1858 barbari
1898 1818 2129 1870 possident“
2158 1818 2206 1856 εἰ.

255 1884 388 1923 Florus
414 1884 481 1932 iv,
511 1883 581 1932 12,
610 1882 677 1921 38.
733 1884 858 1931 Signa
884 1882 947 1919 ille
974 1881 1071 1919 haud
1102 1882 1212 1919 dubie
1238 1882 1417 1929 intelligit
1445 1883 1557 1930 sigua
1584 1883 1870 1934 manipulorum,
1899 1895 1995 1934 quae
2020 1894 2093 1920 non
2119 1893 2206 1919 raro

257 1949 450 1996 argenteis
477 1949 653 1986 aureisve
679 1947 816 1985 Martis
846 1945 910 1983 vel
940 1945 1138 1984 Minervae
1165 1946 1389 1994 imaginibus
1405 1949 1534 1984 oruata
1553 1947 1680 1986 divina
1697 1948 1854 1999 quadam
1872 1948 2115 1987 veneratione
2135 1958 2205 1985 co-

256 2011 441 2050 lebantur.
492 2011 598 2049 Haec
635 2010 862 2061 recuperata
900 2010 1018 2047 onmia
1054 2021 1126 2048 non
1153 2010 1356 2048 verisimile
1382 2013 1456 2049 est.
1511 2010 1616 2064 Quae
1644 2012 1679 2050 in
1704 2013 1857 2050 nunimis
1884 2012 2048 2061 legimus
2073 2011 2109 2048 in
2131 2008 2206 2048 bo-

255 2087 383 2114 norem
421 2075 629 2113 Germanici
673 2075 840 2122 signatis
882 2074 1082 2122 „signis
1127 2075 1349 2122 receptis
1388 2074 1638 2113 Germanis
1684 2076 1941 2114 devictis⁴⁶
1976 2086 2046 2113 nec
2086 2073 2205 2110 omnia

255 2139 370 2186 signa
406 2140 558 2186 recepta
594 2148 664 2175 nec
694 2138 868 2175 devictos
898 2137 1103 2175 Germanos
1133 2137 1386 2175 demonstrare
1416 2138 1639 2176 videbuntur
1664 2140 1772 2177 etiam
1799 2141 1866 2188 iis,
1899 2140 1963 2191 qui
1991 2139 2053 2188 pia
2082 2146 2204 2174 vene-

256 2203 402 2241 ratione
440 2204 575 2240 vetera
606 2202 838 2239 monumenta
866 2202 1156 2251 prosequuntur.
1209 2199 1485 2238 Dubitationem
1514 2201 1611 2239 illam
1641 2202 1687 2241 de
1715 2203 1852 2254 aquilis
1879 2202 2045 2252 receptis
2070 2199 2203 2248 augeri

257 2267 389 2303 censet
416 2263 605 2302 Ludenius
633 2267 672 2302 et
699 2264 801 2302 Flori
828 2264 1041 2303 testimonio
1071 2266 1112 2302 et
1134 2263 1275 2301 incerta
1301 2262 1425 2301 Taciti
1450 2265 1662 2303 narratione
1689 2265 1737 2303 de
1762 2265 1889 2316 aquila
1911 2265 2051 2303 Marsis
2073 2266 2205 2313 erepta

257 2327 376 2378 (Aun.
412 2327 468 2376 ll,
504 2328 589 2377 25).
654 2328 711 2366 At
748 2328 901 2376 primum
939 2329 1022 2377 ipse
1056 2328 1325 2375 gravissimam
1363 2327 1510 2376 Taciti,
1553 2328 1781 2366 levissimam
1809 2329 1912 2367 Flori
1948 2329 2204 2367 auctoritatem

258 2401 344 2431 esse
380 2389 575 2429 concedit:
622 2390 757 2428 deinde
796 2390 894 2428 iusto
918 2390 1075 2429 brevior
1107 2390 1254 2441 quidem
1290 2392 1353 2428 est
1388 2390 1434 2428 de
1469 2391 1589 2430 altera
1616 2391 1740 2442 aquila
1765 2392 1928 2430 narratio
1957 2392 2105 2440 Taciti,
2141 2388 2204 2440 qui

257 2464 304 2492 ne
335 2453 524 2500 legionem
561 2454 707 2504 quidem
743 2453 935 2503 appellat,
980 2455 1085 2493 cuius
1125 2455 1239 2492 fuerit
1264 2453 1329 2491 illa
1358 2453 1502 2504 aquila,
1537 2454 1607 2492 sed
1640 2465 1713 2492 non
1741 2455 1862 2494 aliena
1892 2455 1955 2494 illa
1980 2455 2153 2494 brevitas
2181 2464 2204 2489 a

257 2527 359 2554 more
384 2516 527 2555 Taciti:
555 2517 628 2553 tum
655 2516 898 2556 Germanicus
928 2529 1003 2555 rem
1033 2520 1105 2556 tam
1130 2518 1267 2557 laetam
1296 2519 1465 2556 nuntiare
1492 2516 1650 2556 Caesari
1677 2529 1750 2555 non
1777 2521 1948 2568 poterat,
1983 2518 2055 2557 nisi
2082 2517 2206 2555 missis

256 2579 365 2618 simul
396 2580 605 2628 insignibus
640 2580 739 2630 illis,
785 2592 882 2631 quae
921 2583 960 2619 et
997 2581 1173 2619 Tiberius
1203 2583 1244 2620 et
1279 2592 1407 2620 omnes
1434 2581 1590 2620 Romani
1624 2581 1883 2621 ardentissime
1917 2579 2203 2621 desiderabant:

257 2643 415 2694 denique
441 2654 514 2682 non
538 2643 740 2682 verisimile
767 2646 849 2694 est,
885 2643 1058 2683 Tacitum
1083 2644 1172 2683 nihil
1200 2644 1390 2696 explorati
1416 2643 1590 2684 habuisse
1620 2644 1667 2684 de
1692 2657 1733 2685 re
1758 2648 1874 2685 tanta.
