2452 3445
1009 174 1407 217 -13-.-.

227 300 311 339 iude
340 301 465 338 castra
496 296 641 347 ingenti
666 295 803 337 ambitu
832 296 951 335 fuisse
976 307 1135 336 necesse
1164 298 1246 347 est,
1287 308 1367 337 cum
1394 297 1451 336 tot
1477 296 1575 336 milia
1602 295 1863 337 Germanorum
1888 297 1953 336 illo
1977 297 2012 335 in
2041 298 2176 337 ambitu

224 363 435 402 haererent.
490 361 623 401 Cuncti
651 363 745 400 enim
769 361 958 409 tinguntur
982 360 1153 400 haesisse
1180 361 1243 399 vel
1274 364 1379 400 certe
1405 361 1536 399 inclusi
1562 362 1682 399 fuisse
1707 362 1782 399 illis
1807 362 2061 399 munimentis:
2095 373 2177 399 nam

224 428 257 464 si
290 427 411 465 altera
436 428 576 465 tantum
606 436 697 475 pars
729 424 992 463 Germanorum
1020 425 1209 464 haesisset
1235 427 1270 464 iu
1300 425 1550 473 munimentis,
1579 424 1701 464 altera
1729 427 1841 464 extra
1865 427 2086 465 munimenta
2111 424 2178 464 illa

224 490 444 529 mansisset:
490 489 600 528 medii
636 487 792 527 Romani
827 487 1057 527 circumclusi
1093 491 1254 530 fuissent
1282 490 1329 529 ab
1357 487 1551 536 hostibus,
1587 500 1739 539 quorum
1766 489 1889 536 tergis
1915 491 1985 540 ipsi
2014 490 2177 529 circum·

225 554 300 591 t’usi
330 555 451 591 erant.
502 552 731 591 Munimenta
758 553 880 590 autem
910 552 974 590 illa
996 556 1134 603 quanta
1157 554 1275 591 fuisse
1302 563 1459 600 censes,
1496 562 1576 589 cum
1605 553 1777 602 superari
1805 552 1999 602 nequirent
2024 565 2046 590 a
2072 552 2175 590 Ger-

223 617 339 654 manis
374 619 447 655 tam
484 615 670 663 agilibus,
714 616 916 664 promptis,
953 617 1164 666 expeditis,
1208 616 1430 655 exercitatis
1466 615 1501 651 in
1537 616 1632 652 omni
1662 626 1805 663 genere
1847 614 2173 653 exercitationum!

223 679 273 718 Et
300 680 382 730 quis
409 678 554 717 tandem
580 678 750 726 iugentia
779 678 843 715 illa
868 679 1086 718 munimenta
1110 675 1384 718 exstruxerat?
1419 677 1562 715 Milites
1581 677 1794 727 laboribus,
1826 678 1944 726 same,
1971 679 2169 726 insomniis,

224 745 343 792 metu,
392 740 610 780 vulneribus
647 739 887 781 vehementer
923 742 1052 782 afflicti
1085 753 1156 781 nec
1185 743 1301 782 adiuti
1334 741 1591 789 ferramentis,
1628 752 1725 792 quae
1752 741 1969 790 egerendae
1999 740 2106 777 humo
2135 744 2174 779 et

225 806 433 845 excidendo
475 804 633 853 caespiti
660 804 842 844 inservire
869 808 1028 856 possent
1053 827 1107 834 —
1133 805 1198 844 illa
1228 807 1321 843 enim
1351 805 1488 844 amissa
1518 808 1626 844 erant
1653 826 1701 833 -—-
1732 805 1800 843 sed
1826 804 1918 843 solis
1943 805 2025 842 sere
2056 804 2174 842 mani-

223 871 293 909 bus
330 869 410 907 suis
436 868 494 905 usi
523 866 601 905 alta
627 866 692 905 illa
721 869 940 907 munimenta
966 868 1044 908 lato
1071 869 1227 908 circuitu
1255 870 1385 920 paucis
1412 868 1514 906 horis
1543 870 1837 917 exstruxerant,
1870 879 1941 906 non
1973 880 2047 919 quo
2077 869 2172 906 saci-

221 933 294 971 lius
321 931 524 969 defendere
550 933 710 981 possent
730 935 874 982 castra,
911 932 981 970 sed
1004 934 1046 972 ut
1070 933 1190 971 veluti
1220 933 1321 971 feras
1349 934 1385 970 in
1413 933 1562 981 foveis,
1597 933 1653 971 sic
1679 932 1861 971 barbaros
1883 932 1918 969 in
1943 933 2173 971 munimentis

221 998 401 1047 caperent
434 997 642 1046 captosque
679 996 909 1035 trucidarent
926 995 985 1048 Ἴ.
1039 996 1206 1035 Haerent
1242 997 1360 1045 igitur
1388 997 1426 1034 in
1452 996 1526 1034 illis
1553 997 1782 1035 munimentis
1809 997 1933 1034 mirum
1961 997 1996 1033 in
2027 996 2173 1033 modum

221 1059 426 1097 exstructis
454 1058 628 1097 Germani
655 1059 761 1108 quasi
784 1058 921 1096 delixi:
949 1059 1238 1109 obstupescunt,
1269 1060 1369 1109 quod
1394 1062 1497 1098 tanta
1523 1061 1743 1097 armatorum
1760 1060 1989 1098 multitudine
2010 1061 2171 1098 circum·

221 1122 418 1160 cluduntur
446 1143 495 1148 —
524 1133 606 1161 nam
643 1122 718 1171 illi,
755 1123 818 1173 qui
852 1133 922 1172 per
949 1122 1099 1161 biduum
1128 1122 1174 1161 de
1201 1122 1385 1161 montibus
1415 1122 1663 1161 circumiectis
1690 1121 1936 1161 Romanorum
1966 1123 2169 1160 exercitum

222 1188 263 1224 et
291 1185 540 1224 observarant
567 1186 607 1224 et
634 1185 817 1233 aggressi
845 1187 972 1234 erant,
1006 1187 1096 1225 miro
1119 1186 1293 1236 profecto
1322 1197 1450 1223 errore
1478 1196 1657 1236 „paucos
1682 1196 1727 1223 ac
1754 1196 1956 1223 semermos
1966 1186 1991 1207 “
2020 1188 2058 1223 ut
2084 1186 2169 1223 Ta-

220 1250 317 1288 citus
352 1251 500 1297 narrat,
547 1247 735 1286 Romanos
768 1249 805 1285 in
846 1249 982 1286 castris
1019 1259 1106 1286 esse
1142 1249 1285 1298 opinati
1321 1251 1428 1287 erant
1464 1270 1513 1276 —
1550 1260 1622 1287 non
1652 1251 1912 1298 perrumpunt,
1953 1261 2168 1300 quamquam

220 1312 408 1351 Arminius
445 1313 485 1351 et
512 1310 793 1360 Inguiomerus,
828 1311 892 1349 ille
921 1311 1147 1360 integer,
1181 1309 1241 1349 bic
1269 1312 1387 1359 gravi
1417 1311 1575 1350 vulnere
1602 1311 1760 1351 affectus
1790 1323 1956 1362 pugnam
1985 1313 2167 1351 deserue-

218 1379 324 1414 rant:
370 1375 439 1413 sed
477 1375 584 1425 quasi
614 1374 845 1414 circumclusi
873 1373 1102 1413 trucidantur
1130 1385 1198 1424 per
1226 1373 1321 1410 dlem
1349 1375 1534 1423 integrum
1564 1373 1705 1424 [donec
1733 1374 1814 1412 dies
1845 1377 1884 1412 et
1908 1376 1963 1414 ira
1994 1387 2167 1425 perman·

219 1438 288 1487 sit)
324 1438 371 1477 ab
415 1437 586 1476 hostibus
620 1449 689 1489 per
727 1438 874 1476 biduum
912 1437 1237 1476 vehementissime
1274 1437 1437 1476 afflictis.
1499 1438 1594 1475 Num
1630 1438 1729 1476 forte
1764 1437 1921 1488 paludes
1960 1438 2168 1490 silvaeque,

219 1502 404 1541 tutissima
442 1501 507 1540 illa
544 1502 783 1551 receptacula
821 1500 1110 1551 Germanorum,
1158 1501 1289 1551 procul
1329 1497 1514 1540 aberant?
1555 1501 1667 1539 lmmo
1702 1502 1895 1550 proximae
1931 1505 2037 1541 erant
2063 1506 2167 1541 certe

218 1567 390 1603 funestae
425 1564 521 1603 istae
557 1564 737 1614 paludes,
781 1576 874 1615 quas
914 1565 1084 1615 quoniam
1121 1576 1260 1603 summo
1290 1564 1497 1602 discrimine
1525 1565 1766 1602 cummaxime
1791 1567 2031 1614 superarant,
2067 1565 2167 1603 nullo

217 1632 329 1680 pacto
357 1629 586 1678 repetissent
611 1628 778 1666 Romani.
830 1627 893 1666 An
919 1628 1020 1666 forte
1047 1628 1221 1667 Germani
1249 1639 1399 1666 numero
1431 1629 1592 1678 impares
1621 1630 1727 1667 erant
1756 1629 1851 1678 parti
1878 1628 1932 1666 illi
1961 1630 2165 1678 exercitus,

218 1694 276 1733 cui
314 1694 466 1741 integro
502 1703 616 1742 pares
655 1693 759 1730 certe
795 1701 838 1728 se
863 1691 1132 1745 praestiterant
1160 1692 1196 1729 in
1220 1692 1320 1730 silva
1347 1687 1697 1740 Teutoburgiensi?
1731 1691 1844 1729 Immo
1872 1703 1952 1730 cum
1979 1692 2166 1730 Arminius

216 1760 255 1796 et
283 1756 542 1805 Inguiomerus
571 1755 780 1794 Germanici
814 1755 971 1793 reditum
996 1757 1140 1795 omnino
1167 1767 1240 1794 non
1267 1756 1551 1806 perturbarent,
1591 1766 1718 1793 omnes
1747 1755 1877 1805 copias
1908 1768 1996 1795 snas
2022 1757 2165 1795 adver-

217 1833 282 1858 sus
314 1820 531 1869 Caecinam,
566 1818 774 1857 Germanici
800 1819 1044 1870 imprudentia
1069 1832 1140 1871 per
1164 1822 1300 1871 pontes
1329 1819 1468 1867 longos
1497 1820 1668 1868 missum,
1707 1819 1863 1856 duxisse
1892 1820 2077 1859 videntur.

336 1903 506 1953 Denique
540 1904 654 1941 nocte
693 1902 834 1940 demum
864 1900 1022 1940 Tacitus
1060 1913 1240 1940 reversas
1273 1901 1448 1950 legiones
1479 1903 1626 1951 narrat,
1659 1899 1759 1939 baud
1787 1901 1896 1939 dubie
1923 1914 2101 1941 reversas
2130 1904 2166 1940 in

216 1970 362 2006 castra:
403 1965 472 2003 sed
514 1964 611 2002 unde
646 1962 855 2004 reversas?
897 1965 1077 2004 Profecto
1112 1977 1186 2003 non
1215 1977 1267 2003 ex
1298 1965 1497 2015 paludibus
1524 1965 1705 2016 silvisque
1734 1966 2098 2015 circumiacentibus,
2129 1967 2165 2004 in

216 2044 312 2083 quas
342 2031 406 2069 aut
426 2020 549 2067 redire
576 2031 641 2067 aut
667 2029 851 2079 progredi
876 2041 923 2068 ne
952 2030 989 2067 in
1016 2032 1173 2068 mentem
1200 2029 1347 2080 quidem
1377 2030 1510 2067 venire
1534 2031 1685 2078 poterat
1709 2029 1893 2068 Romanis.
1947 2030 2054 2078 Ergo
2084 2032 2165 2068 tota

213 2104 368 2144 pugna,
415 2103 509 2142 quae
546 2103 569 2128 a
604 2093 722 2141 prima
756 2092 841 2131 luce
878 2104 997 2144 usque
1033 2094 1081 2131 ad
1116 2096 1263 2131 noctem
1304 2093 1600 2141 extendebatur,
1632 2093 1670 2129 in
1707 2093 1837 2130 solidis
1864 2092 1939 2130 illis
1970 2095 2163 2132 commissa

214 2160 275 2195 est
311 2156 474 2206 campis,
518 2152 671 2205 quorum
708 2156 744 2193 in
783 2156 916 2194 finibus
942 2156 1097 2195 Romani
1132 2158 1258 2194 castra
1283 2157 1501 2205 posuerant.
1554 2155 1736 2207 Quantam
1763 2157 1883 2194 fuisse
1913 2168 2047 2195 censes
2074 2156 2161 2207 pla-

212 2220 358 2268 nitiem,
402 2217 557 2257 solidam
592 2219 723 2258 mediis
758 2220 794 2258 in
833 2217 1052 2270 paludibus!
1098 2219 1180 2258 Nec
1214 2221 1338 2259 tamen
1377 2219 1485 2257 ullam
1512 2219 1609 2270 apud
1638 2219 1810 2260 Tacitum
1838 2221 2008 2259 invenies
2038 2224 2161 2260 tantae

277 2397 314 2439 *)
338 2394 498 2429 Admonet
528 2405 590 2429 nos
623 2397 708 2429 mira
738 2395 822 2431 haec
844 2397 955 2431 Taciti
978 2399 1128 2431 narratio
1152 2397 1193 2431 de
1214 2396 1313 2430 simili
1338 2397 1530 2429 narratione
1554 2395 1709 2430 Caesaris
1731 2396 1769 2429 B.
1791 2395 1829 2430 G.
1854 2397 1900 2438 V,
1922 2400 1983 2438 42,
2015 2400 2069 2442 qui
2096 2400 2159 2431 etsi

339 2448 482 2481 Nervios
509 2448 552 2481 ad
584 2450 843 2485 internecionem
866 2451 1111 2491 trucidaverat,
1144 2452 1192 2483 ita
1214 2454 1249 2483 ut
1272 2451 1444 2493 quingenti
1465 2453 1590 2482 tantum
1615 2455 1844 2493 superessent,
1879 2453 1933 2494 qui
1956 2460 2047 2484 arma
2070 2452 2160 2484 t’erre

338 2504 474 2544 possent
493 2519 537 2526 —
559 2505 669 2535 tamen
700 2512 721 2535 a
745 2502 876 2536 Nerviis
899 2513 1077 2547 eorumque
1100 2502 1274 2535 clientibus
1300 2502 1429 2535 duobus
1452 2504 1547 2534 annis
1569 2507 1646 2545 post
1670 2505 1882 2537 munitionem
1904 2503 2014 2536 decem
2036 2505 2159 2537 milium

337 2553 384 2596 (si
400 2562 479 2587 vera
501 2557 551 2586 est
572 2555 755 2599 scriptura)
778 2557 812 2588 in
834 2557 973 2589 circuitu
998 2557 1103 2589 minus
1125 2554 1217 2588 horis
1239 2554 1346 2587 tribus
1369 2554 1549 2598 perfectam
1571 2558 1688 2587 narrat
1710 2559 1743 2588 et
1764 2555 1941 2598 perfectam
1961 2557 2033 2589 siue
2052 2557 2157 2589 ferra-

336 2609 453 2639 mentis
474 2607 547 2639 solo
572 2607 779 2650 gladiorum,
804 2618 975 2651 manuum,
999 2609 1190 2652 sagulorum
1208 2617 1269 2640 usu
1290 2625 1332 2632 —
1356 2609 1567 2641 munitionem
1588 2611 1698 2641 autem
1720 2608 1876 2651 intelligit
1898 2609 2019 2642 vallum
2041 2609 2157 2652 pedum

336 2657 381 2691 Xl
405 2662 437 2691 et
459 2658 580 2692 fossam
602 2658 719 2701 pedum
740 2659 812 2693 XV.
