2452 3445
1210 157 1265 197 01
1334 179 1438 186 -—

254 282 352 321 haud
388 279 497 317 dubie
532 277 639 314 silvis
675 275 850 328 obsita*)
881 276 1087 315 ascendere
1122 289 1334 329 pronosque
1371 278 1564 316 demittere
1596 288 1715 327 equos
1742 277 1778 314 in
1804 276 1935 316 hostes
1962 277 2061 314 circa
2088 279 2205 316 media

256 347 402 396 imaque
428 342 520 390 iuga
547 343 761 381 versantes.
815 338 896 378 Sed
922 340 1052 380 omitto
1078 340 1165 391 illa,
1199 342 1296 393 quod
1322 343 1463 381 frustra
1495 341 1564 379 viri
1592 342 1631 378 et
1660 350 1780 378 rerum
1809 342 2001 388 gestarum
2032 342 2072 379 et
2097 340 2205 378 loco-

254 420 332 446 rum
367 398 477 456 periti
508 405 629 444 locum
666 407 713 442 ad
741 404 933 451 Visurgim
968 406 1205 453 investigare
1241 407 1484 454 studuerunt,
1526 407 1562 442 in
1597 414 1727 454 quem,
1768 415 2010 453 quaecunque
2051 403 2207 442 Tacitus

255 468 409 509 tradidit
445 470 492 507 de
519 469 585 508 illa
620 479 773 519 pugna,
808 479 966 517 prorsus
1002 470 1206 507 convenire
1241 470 1450 509 videantur.
1510 467 1712 506 Victoriam
1740 465 1897 505 Tacitus
1926 466 2087 516 litteris,
2116 478 2210 517 quas

252 534 415 582 invenit,
445 532 652 572 Germanici
684 532 886 582 deceptus,
916 531 1011 570 haud
1044 533 1153 582 dubie
1180 534 1215 571 in
1244 535 1361 572 maius
1391 532 1572 572 celebrat.
1627 531 1768 569 Hostes
1795 531 1922 581 quinta
1950 531 1995 568 ab
2010 530 2101 569 bora
2124 531 2199 569 diei

253 599 299 635 ad
322 600 467 635 noctem
507 599 608 636 caesi
636 598 763 634 decem
792 596 890 633 milia
918 609 1096 645 passuum
1125 599 1374 636 cadaveribus
1408 601 1521 647 atque
1545 595 1654 633 armis
1683 595 1864 644 opplesse
1891 594 2059 634 dicuntur
2087 594 2209 645 [Anu.

252 661 308 710 ll,
339 660 435 711 18),
495 661 703 700 Praeterea
729 659 950 711 plerosque,
988 661 1049 712 qui
1076 663 1228 700 tranare
1256 661 1446 710 Visurgim
1474 659 1599 700 conati
1626 660 1755 707 erant,
1794 658 1930 697 iniecta
1956 658 2032 696 tela
2061 663 2124 696 aut
2147 659 2208 696 vis

253 725 426 774 fluminis,
460 725 652 775 postremo
689 723 806 761 moles
842 725 1021 761 ruentium
1060 721 1109 761 et‘
1133 725 1339 763 incidentes
1375 727 1480 774 ripae
1518 733 1704 773 operuere
1730 721 1850 772 [Anu.
1879 722 1936 770 ll,
1981 722 2043 758 17.
2072 726 2207 771 extu).

254 790 360 837 Ergo
387 790 456 825 vix
486 789 712 837 superstites
742 787 857 824 ruisse
882 787 1110 836 credideris,
1149 789 1211 838 qui
1239 789 1380 827 cladem
1408 788 1634 827 nuntiarent.
1687 783 1792 836 Quae
1821 785 1945 834 opinio
1975 784 2209 824 confirmatur

255 852 396 890 desidia
433 851 661 899 Germanici,
705 850 765 900 qui
803 849 933 888 hostes
967 852 1143 902 persequi
1173 863 1312 901 operae
1346 854 1504 902 pretium
1538 863 1611 888 non
1646 848 1761 886 ducit.
1829 849 1883 886 At
1912 849 2036 888 subito
2071 850 2207 887 incensi

253 916 384 954 dolore
413 917 451 951 et
482 915 558 963 ira,
581 914 681 965 quod
699 912 844 952 Caesar
871 924 1056 961 aggerem
1084 916 1291 953 struxisset
1320 918 1360 955 et
1383 917 1419 953 in
1443 915 1586 953 modum
1611 904 1848 963 tropaeorum
1870 924 1967 951 arma
1986 913 2208 962 subscriptis

251 979 432 1018 victarum
473 978 640 1026 gentium
678 976 882 1016 nominibus
919 977 1181 1028 imposuisset,
1223 978 1382 1029 plebes,
1427 979 1631 1030 primores,
1678 977 1874 1024 iuventus,
1923 987 2033 1014 senes
2070 987 2207 1025 agmen

250 1042 498 1080 Romanorum
525 1053 597 1078 non
622 1041 740 1079 solum
766 1040 1061 1089 aggrediuntur,
1089 1042 1157 1079 sed
1184 1043 1294 1079 etiam
1319 1044 1468 1080 turbant
1490 1043 1645 1091 acieque
1673 1042 1855 1079 instructa
1882 1053 2015 1078 novam
2038 1052 2204 1090 pugnam

246 1106 424 1145 Romanis
452 1105 620 1144 offerunt.
675 1104 749 1143 lam
771 1104 883 1142 facile
911 1104 1085 1143 devictas
1116 1116 1204 1143 esse
1235 1105 1439 1144 credideris
1467 1105 1658 1156 relliquias
1677 1104 1783 1154 illas,
1813 1115 1908 1154 quae
1931 1116 2010 1143 cum
2037 1103 2207 1153 „abire

250 1170 453 1208 sedibus
485 1166 774 1219 pararent“‚
802 1167 934 1205 nulla
963 1167 1156 1206 auxilia
1183 1169 1507 1208 advocarant:
1533 1172 1573 1207 at
1600 1181 1650 1206 ex
1668 1169 1853 1206 contrario
1870 1168 2057 1205 Romanos
2083 1169 2113 1204 si
2135 1179 2207 1204 non

250 1235 396 1281 victos,
425 1236 528 1270 certe
555 1230 797 1269 vehementer
821 1231 984 1269 afflictos
1014 1234 1264 1281 cognoveris,
1293 1234 1348 1282 si,
1375 1244 1471 1284 quae
1500 1231 1656 1271 Tacitus
1683 1236 1831 1282 narrat,
1861 1234 1940 1270 sine
1955 1233 2009 1270 ira
2028 1236 2066 1270 et
2083 1232 2206 1270 studio

247 1296 509 1335 consideratis.
564 1294 721 1333 Tacitus
749 1293 955 1332 Germanici
986 1294 1216 1347 aliorumque
1246 1296 1393 1336 litteras
1419 1298 1572 1335 secutus
1598 1296 1749 1346 pedites
1779 1307 1916 1344 magna
1943 1307 2023 1333 cum
2048 1298 2204 1332 conten-

247 1361 348 1399 tione
389 1360 537 1398 tandem
576 1359 770 1396 victoriam
799 1357 845 1394 ab
871 1356 1042 1395 hostibus
1071 1359 1282 1397 fortissimis
1310 1363 1532 1411 reportasse
1554 1363 1702 1408 narrat,
1743 1361 1887 1410 equites
1913 1359 2088 1407 ambigue
2118 1370 2203 1396 cer-

245 1427 349 1461 tasse
374 1424 583 1462 confitetur.
638 1422 714 1470 At,
752 1424 793 1459 ut
829 1421 968 1458 nostris
996 1423 1226 1472 temporibus
1256 1435 1373 1474 saepe
1402 1424 1588 1473 vidimus,
1624 1425 1796 1474 quotiens
1824 1435 1943 1473 aequo
1970 1422 2093 1461 Marte
2124 1422 2205 1459 dis-

246 1498 390 1526 cessum
423 1498 510 1524 csse
536 1485 738 1524 nuntiatum
765 1483 838 1522 erit
864 1482 910 1520 ab
937 1482 1055 1530 altera
1070 1487 1202 1534 parte,
1232 1497 1305 1524 non
1321 1487 1513 1535 'insignem
1532 1488 1676 1538 quidem
1695 1489 1735 1526 at
1751 1487 1926 1525 modicam
1941 1489 2042 1524 certe
2062 1485 2203 1523 cladem

246 1553 437 1600 acceptam
470 1551 548 1588 iure
574 1548 822 1587 coniiciemus.
886 1547 981 1584 Nam
1016 1549 1127 1587 etiarn
1154 1552 1291 1588 nostris
1316 1551 1568 1601 temporibus,
1605 1552 1779 1601 quotiens
1801 1563 1843 1588 re
1871 1561 1965 1588 vera
1994 1549 2203 1596 ambiguum

245 1615 315 1651 fuit
344 1617 553 1661 certamen,
589 1614 746 1661 utraque
782 1619 871 1659 pars
908 1620 980 1647 non
1012 1610 1130 1650 solum
1162 1614 1354 1653 victoriam
1382 1615 1547 1663 iactare,
1586 1615 1655 1652 sed
1686 1616 1796 1654 etiam
1827 1615 1977 1665 publica
2007 1625 2114 1651 sacra
2142 1614 2202 1649 in-

245 1677 402 1715 stituere
429 1687 521 1714 ausa
548 1678 608 1715 est
642 1675 687 1712 ad
720 1676 853 1722 grates
880 1672 966 1710 Deo
993 1676 1164 1722 agendas
1195 1677 1242 1715 ob
1275 1678 1465 1717 victoriam
1491 1678 1657 1725 benigne
1688 1690 1919 1716 concessam.
1985 1678 2036 1713 W
2038 1676 2202 1714 altherus

246 1741 389 1789 quidem
421 1740 471 1776 V.
499 1740 549 1776 D.
582 1739 630 1776 ad
656 1737 694 1774 h.
720 1737 745 1774 l.
785 1736 1007 1783 ambiguo
1044 1740 1212 1788 animo,
1249 1742 1474 1789 ambigua
1502 1742 1624 1788 fide,
1663 1752 1735 1777 non
1767 1741 1988 1787 ambiguo
2020 1744 2202 1778 eventu

245 1806 415 1842 certasse
450 1804 582 1842 censet
615 1801 781 1851 equites,
829 1799 891 1850 qui
925 1799 1143 1853 plerumque
1183 1816 1235 1842 ex
1271 1805 1384 1844 sociis
1424 1804 1542 1844 Gallis
1576 1804 1844 1854 Germanisque
1882 1805 2016 1855 sumpti
2054 1803 2203 1842 suerint.

242 1867 299 1905 At
327 1868 478 1917 primum
518 1865 781 1916 „ambigue
813 1866 1049 1902 certare‘⁴
1081 1866 1177 1905 haud
1205 1869 1283 1907 scio
1313 1880 1359 1906 an
1388 1881 1569 1921 nunquam
1595 1880 1667 1906 non
1693 1868 1848 1906 relatum
1877 1869 1926 1906 sit
1955 1869 1999 1905 ad
2028 1871 2201 1905 eventum

244 1929 553 1981 certarninis**):
590 1928 722 1966 deinde
755 1927 889 1965 nnllam
924 1929 961 1965 in
992 1931 1156 1967 omnibus
1185 1933 1487 1980 expeditionibus
1515 1933 1722 1971 Germanici
1753 1932 1928 1980 perfidiae
1955 1932 2201 1980 suspicionem

242 1998 438 2034 moverunt
458 1994 598 2032 auxilia
617 2004 686 2031 nec
708 1991 852 2030 Gallica
870 2003 939 2031 nec
959 1992 1198 2044 Germanica,
1229 1998 1402 2047 exceptis
1433 2000 1472 2036 et
1491 1995 1755 2045 Angrivariis,
1786 1995 1850 2046 qui
1871 1994 1970 2033 nullo
1992 1995 2074 2034 loco
2094 2007 2197 2033 com-

243 2061 487 2097 memorantur
507 2061 677 2108 tanquam
696 2056 789 2094 soeii
809 2067 910 2094 arma
928 2056 1103 2095 Romanis
1120 2059 1370 2099 ministrantes
1383 2089 1394 2111 ,
1415 2064 1455 2100 et
1478 2061 1657 2108 Chaucis,
1686 2060 1749 2109 qui
1778 2070 1836 2096 ex
1861 2069 2048 2096 rumore
2077 2071 2198 2109 quo-

242 2123 265 2160 d
277 2134 342 2161 am
360 2123 560 2161 Arminium
581 2125 622 2161 et
637 2120 908 2169 Inguiomerum
927 2131 978 2158 ex
996 2122 1077 2160 acie
1097 2122 1290 2171 fugientes
1309 2137 1477 2173 agnosse
1502 2127 1542 2164 et
1559 2123 1728 2162 emisisse
1752 2122 1941 2160 dicuntur:
1970 2122 2127 2174 denique
2147 2133 2196 2159 cx

242 2186 353 2223 rebus
396 2188 532 2237 postea
568 2185 694 2234 gestis
731 2186 911 2233 apparet,
944 2195 1016 2222 non
1055 2187 1108 2225 ita
1143 2190 1282 2226 certam
1318 2190 1437 2226 fuisse
1464 2189 1709 2227 Romanorum
1738 2187 1955 2225 victoriam:
1993 2188 2095 2223 hinnio
2125 2197 2195 2223 non

242 2249 358 2287 solum
401 2250 547 2299 equites
580 2250 712 2299 pulsos
748 2247 818 2284 sed
851 2248 962 2285 etiam
1000 2250 1148 2297 pedites
1185 2251 1346 2290 afflictos
1375 2254 1513 2300 fuisse,
1554 2253 1632 2289 iure
1663 2250 1915 2289 concludimus
1942 2261 1991 2287 ex
2019 2250 2105 2286 mira
2132 2248 2194 2286 illa

241 2312 456 2361 celeritate,
485 2324 560 2363 qua
586 2310 825 2351 Germanicus
853 2310 1009 2349 reditum
1034 2315 1157 2362 parat.
1207 2312 1331 2364 Idem,
1356 2316 1418 2367 qni
1443 2314 1554 2365 paulo
1585 2316 1670 2352 ante
1699 2313 1835 2352 milites
1863 2316 2054 2351 monuerat
2073 2309 2193 2361 (Ann.

303 2469 338 2509 ³³)
361 2467 441 2500 Nam
464 2468 527 2499 visi
549 2467 674 2500 demum
698 2466 872 2508 Cherusci,
897 2474 1112 2513 posteaquam
1134 2481 1194 2513 per
1218 2471 1375 2505 ferociam
1398 2479 1629 2517 proruperunt.
1673 2474 1756 2506 Ann.
1783 2471 1831 2511 ll,
1857 2478 1907 2507 17.
1930 2474 1971 2502 in.

302 2529 357 2572 **)
380 2529 428 2562 Ci'.
448 2528 527 2562 Tac.
542 2526 624 2560 nist.
644 2527 705 2569 lV,
736 2531 789 2564 66.
811 2531 877 2565 in.:
905 2531 1278 2576 pugnabaturque
1304 2534 1338 2566 in
1364 2537 1527 2579 angustiis
1552 2536 1768 2578 ambigue,
1793 2533 1897 2566 donec
1914 2531 2065 2564 Germani
2084 2535 2192 2562 trans-

366 2586 518 2616 natantes
540 2586 637 2624 terga
655 2581 825 2616 Labeonis
848 2585 1011 2616 invasere.
1062 2584 1143 2617 Hist.
1166 2585 1213 2626 V,
1239 2591 1288 2620 11.
1313 2589 1358 2621 in.
1394 2591 1512 2621 missus
1536 2591 1569 2621 in
1592 2599 1649 2621 eos
1671 2587 1849 2630 (ludaeos)
1876 2596 1975 2628 eques
1999 2595 2069 2617 cum
2093 2594 2192 2627 expe-

370 2637 450 2671 ditis
474 2634 664 2670 cohortibus
687 2636 882 2679 ambigue
905 2639 1054 2672 certavit.
1100 2638 1148 2671 Cf.
1172 2638 1372 2674 Boettielieri
1396 2640 1475 2676 Lex.
1500 2641 1576 2675 Tac.
1603 2653 1633 2684 p.
1661 2646 1712 2678 57.
