2452 3445
1011 184 1408 227 —19—

238 312 332 356 iure,
351 316 426 357 quo
446 304 635 343 orationes
655 303 800 352 lingunt
815 303 1021 354 principum
1041 305 1219 354 virorum,
1236 306 1346 344 etiam
1367 306 1550 356 colloquia
1568 304 1734 352 tingendi
1750 308 1976 355 potestatem
1996 308 2068 345 sibi
2086 321 2184 349 snm·

238 371 408 422 pserunt.
460 368 544 407 Non
571 368 738 419 equidem
768 367 961 406 consentIo
991 380 1072 408 cum
1100 366 1336 419 Schuberto,
1365 370 1447 420 qui,
1474 369 1570 420 quod
1602 371 1641 407 et
1658 368 1823 418 Drusus,
1853 372 1960 420 pater
1981 370 2188 414 Germanici

239 436 275 474 in
293 432 436 473 Amisia
458 432 602 471 flamine
633 441 798 483 pugnam
827 430 998 471 navalem
1026 433 1251 473 commiserit
1276 445 1355 473 enm
1377 433 1568 473 Bructeris
1579 430 1622 483 ‘J
1640 435 1680 472 et
1697 431 1841 472 Velcda
1862 437 2083 483 praetoriam
2103 438 2189 478 Ro-

237 507 421 535 manorum
458 496 642 535 triremem
678 494 775 532 dono
810 496 1003 544 acceperit
1036 496 1183 546 Luppia
1218 496 1362 534 flumine
1403 496 1598 535 advectam
1633 496 1679 533 ad
1717 496 1842 533 turrim
1882 508 2006 548 suam,
2044 502 2189 540 veteris

235 559 454 598 Germaniae
479 559 624 596 flumina
652 557 767 595 multo
794 560 834 596 et
860 557 993 596 latiore
1023 561 1063 598 et
1092 560 1227 598 altiore
1252 560 1366 599 alveo
1397 560 1552 597 tinxisse
1581 558 1786 608 concludit,
1816 558 1924 597 silvis
1948 564 1987 600 et
2004 563 2185 615 frequen-

236 623 387 660 tissimis
414 625 453 662 et
482 620 714 661 densissimis
741 620 952 670 ingentem,
980 625 1021 661 ut
1044 622 1081 660 in
1107 622 1301 673 America,
1331 636 1508 675 aquarum
1539 621 1668 660 molem
1698 623 1965 672 gignentibus:
1993 637 2072 665 nam
2101 628 2185 669 Ta-

236 686 332 724 cItus
358 697 431 724 non
457 686 575 723 solnm
593 684 757 722 Rhenum
786 684 848 721 vei
878 685 1088 724 inferiorem
1114 686 1217 725 bello
1232 687 1644 735 Batavo—incognita
1673 690 1775 725 certe
1802 688 1855 725 illi
1884 689 1993 727 coelo
2018 692 2186 732 siccitate

241 770 290 776 ——
318 750 462 787 navium
501 749 571 786 vix
605 749 807 798 patientem
834 749 953 788 fuisse
980 752 1021 789 et
1045 761 1115 801 per
1140 750 1239 788 vada
1266 751 1414 789 transiri
1441 750 1613 801 potuisse
1640 749 1853 801 tradit**],
1890 751 1958 790 sed
1985 754 2093 792 etiam
2116 755 2185 796 hoc

237 815 341 864 ipso,
376 824 484 864 quem
521 815 745 860 tractamus,
784 812 868 852 loco
896 812 1020 859 (Ann-
1047 813 1102 863 11,
1146 812 1229 864 11.)
1265 813 1458 862 Visurgim
1495 816 1566 851 tam
1604 813 1786 851 vadosum
1815 815 1932 853 fuisse
1959 822 2110 869 narrat,
2146 825 2186 861 ut

236 888 308 914 non
335 876 453 914 solum
474 875 611 913 Batavi
638 876 786 925 equites
805 896 853 903 —-—
873 877 937 927 qni
964 889 1066 915 arma
1094 887 1288 926 equosque
1317 878 1523 915 retinentes
1551 877 1710 924 integris
1737 878 1866 914 turmis
1890 881 1998 918 etiam
2019 882 2185 923 Rhenum

233 948 473 989 perrumpere
500 940 722 975 consuerant
747 936 863 988 (Tac.
890 938 990 977 nist.
1021 939 1088 988 lv,
1119 939 1182 978 12.
1209 938 1471 990 extr.]—sed
1499 940 1615 977 ceteri
1646 951 1793 990 quoque
1821 942 1966 990 equites
1993 956 2063 994 per
2089 948 2186 987 vada

236 1002 461 1043 transierim.
516 1000 658 1040 Tamen
684 1012 764 1040 cum
791 1013 877 1041 rara
906 1004 1012 1043 esset
1037 1003 1074 1043 in
1096 1003 1291 1043 Germania
1319 1005 1475 1052 vetere,
1502 1005 1543 1041 ut
1570 1001 1726 1042 Tacitus
1753 1004 1836 1054 ipse
1865 1004 2035 1054 perhibet
2062 1008 2184 1060 [Ann-

236 1066 272 1116 Ι,
298 1065 366 1114 56,
396 1065 435 1103 2.
470 1065 569 1102 nint.
599 1063 655 1113 li,
681 1063 747 1103 26.
772 1064 851 1116 in),
887 1066 982 1104 coeli
1012 1068 1186 1116 siccitas,
1226 1079 1306 1105 cum
1337 1067 1497 1105 tumidae
1523 1066 1740 1118 plerumque
1768 1071 1898 1106 essent
1925 1070 1960 1106 in
1990 1071 2185 1114 Germania

237 1133 384 1177 terrae,
409 1129 604 1166 immensus
633 1128 780 1165 nubium
808 1131 971 1179 tractus,
1000 1130 1173 1180 profundi
1202 1140 1327 1168 amnes
1356 1128 1474 1179 [Ann.
1496 1127 1552 1177 ll,
1581 1128 1647 1167 23.
1674 1129 1734 1180 2.)
1759 1130 1961 1182 eodemque
1983 1134 2065 1184 ipso
2088 1148 2182 1176 anno

236 1193 370 1231 subitis
406 1192 581 1230 imbribus
613 1192 730 1230 Silius
770 1191 980 1241 prohibitus
1016 1196 1121 1232 esset
1149 1192 1308 1232 Chattos
1338 1203 1485 1231 vexare
1515 1191 1634 1242 [Ann.
1659 1192 1714 1242 ll,
1749 1193 1831 1244 7.]:
1869 1206 1940 1233 non
1971 1201 2050 1247 est,
2086 1203 2181 1251 quod

237 1256 427 1303 Visurgim
462 1257 533 1293 tam
570 1258 735 1304 angusto
773 1255 885 1294 alveo
912 1256 1068 1295 fluxisse
1094 1257 1369 1304 existimemus,
1402 1258 1443 1294 ut
1470 1255 1656 1293 Arminius
1684 1259 1722 1295 et
1748 1259 1972 1306 sagittarios
1995 1261 2181 1304 Romanos

236 1330 305 1368 per
333 1319 486 1356 alteram
513 1320 629 1368 ripam
656 1319 863 1368 dispositos
889 1320 1052 1357 timuerit
1089 1323 1129 1358 et
1157 1332 1237 1358 cum
1265 1320 1398 1357 Flavio
1430 1320 1545 1356 fratre
1576 1323 1678 1357 trans
1708 1322 1838 1358 flumen
1865 1323 2085 1374 colloquium
2110 1331 2182 1366 tam

237 1381 438 1420 verbosum
474 1379 613 1419 hahere
644 1382 830 1431 potuerit,
868 1383 1088 1431 praesertim
1126 1396 1206 1422 cum
1243 1395 1315 1421 non
1352 1381 1482 1432 procul
1515 1382 1561 1419 ab
1592 1383 1637 1420 iis
1675 1384 1786 1423 multa
1816 1386 1912 1423 milia
1940 1389 1978 1424 et
2005 1399 2182 1439 equorum

237 1446 549 1495 iumentorumque
584 1447 624 1483 et
665 1444 816 1483 militum
842 1449 1105 1496 versarentur,
1151 1458 1303 1497 quorum
1330 1446 1473 1494 ingenti
1502 1446 1616 1496 atque
1643 1446 1851 1486 inevitabili
1878 1451 2035 1499 strepitu
2064 1466 2181 1493 voces

238 1509 344 1561 qnasi
379 1507 530 1546 obtundi
569 1519 728 1547 necesse
763 1509 857 1546 erat.
924 1508 1023 1549 Nihil
1062 1511 1207 1562 quidem
1243 1511 1337 1550 certi
1369 1508 1633 1560 exploratique
1671 1508 1846 1550 habemus
1885 1513 1931 1551 de
1967 1515 2071 1567 loco,
2108 1532 2180 1571 quo

237 1573 369 1611 flumen
399 1572 554 1609 Romani
584 1572 818 1610 transierint:
852 1572 921 1610 sed
957 1584 1085 1622 nemo,
1127 1574 1225 1624 quod
1251 1574 1387 1622 sciam,
1427 1584 1477 1609 ex
1508 1573 1775 1622 interpretibus
1802 1575 1992 1626 Visurgim
2020 1585 2083 1620 aut
2110 1596 2180 1621 su..

237 1637 423 1688 periorem
462 1637 527 1673 ant
561 1635 668 1673 saxis
700 1636 903 1674 montuosis
939 1649 1191 1688 compressum
1231 1638 1350 1689 iisque
1379 1637 1426 1673 de
1453 1637 1598 1674 caussis
1627 1638 1846 1685 angustiore
1872 1640 2041 1681 fluentem
2070 1646 2180 1686 alveo

236 1700 483 1750 significatum
511 1710 598 1737 esse
624 1699 815 1737 iudicavit.

360 1782 521 1821 Postero
553 1780 612 1819 die
644 1779 810 1830 Caesar,
846 1781 952 1830 „nisi
989 1782 1164 1833 pontibus
1202 1782 1475 1834 praesidiisque
1502 1782 1684 1833 impositis
1714 1782 1804 1820 dare
1832 1783 2006 1832 legiones
2037 1790 2071 1827 in
2097 1792 2179 1830 dis-

235 1848 371 1887 crimen
404 1844 502 1882 haud
538 1845 811 1894 imperatorium
846 1845 996 1894 ratus“,
1034 1847 1200 1897 equites,
1236 1848 1276 1884 ut
1310 1845 1528 1883 diducerent
1556 1844 1708 1894 hostes,
1743 1847 1803 1896 qui
1836 1848 1906 1884 iam
1933 1850 1980 1887 ad
2009 1852 2179 1893 dextram

236 1909 415 1957 Visurgis
437 1909 553 1957 ripam
585 1909 825 1945 accesserant
854 1909 1120 1959 transitumque
1150 1909 1394 1947 Romanorum
1423 1908 1571 1945 turbare
1595 1908 1697 1946 velle
1719 1910 1961 1961 videbantur,
1992 1927 2060 1964 per
2081 1920 2180 1958 vad,

235 1973 366 2012 numen
402 1971 561 2011 transire
589 1969 713 2008 iussit.
783 1969 854 2022 Qui
895 1971 1040 2009 etiamsi
1070 1971 1232 2010 feliciter
1268 1974 1483 2021 pugnantes
1517 1970 1662 2009 hostem
1698 1971 1746 2010 de
1781 1974 1864 2023 ripa
1903 1975 2181 2033 &turbasse-nt,

234 2038 466 2083 miraremur,
498 2035 596 2072 intra
630 2034 750 2071 breve
788 2033 887 2072 illius
923 2047 1075 2085 pugnae
1112 2036 1272 2085 spatium
1308 2036 1389 2072 sine
1426 2035 1572 2072 navium
1602 2047 1675 2086 ope
1694 2058 1739 2064 -—
1761 2049 1858 2088 quae
1882 2041 2025 2091 quidem
2055 2057 2182 2088 onmes

236 2100 284 2139 ad
314 2099 490 2138 Amisiam
528 2097 683 2135 relictae
717 2099 824 2135 erant
850 2116 902 2123 —
927 2102 1062 2148 pontes
1098 2101 1222 2138 factos
1257 2098 1456 2149 praesidiis
1489 2099 1685 2148 impositis.
1752 2099 1843 2139 cum
1877 2106 2000 2141 autem
2036 2097 2180 2156 equites

236 2163 289 2202 ilii
325 2166 389 2201 aut
425 2162 527 2202 caesi
564 2163 628 2199 aut
656 2159 797 2210 repulsi
827 2161 1082 2214 essent***):
1123 2163 1266 2201 omnino
1301 2173 1374 2201 non
1410 2164 1591 2213 apparet,
1625 2162 1759 2213 quibus
1790 2165 1934 2204 artibus
1963 2179 2052 2206 usus
2081 2170 2177 2209 Ger-

295 2329 332 2371 *)
354 2328 475 2361 Strabo
498 2327 574 2366 vu,
597 2338 624 2360 c.
649 2333 677 2362 1.
701 2330 732 2372 §.
754 2333 785 2363 3·
808 2331 854 2364 in.
876 2339 908 2372 p.
930 2333 1004 2363 321.
1026 2330 1097 2371 (ed.
1120 2330 1321 2365 Siebenkees
1343 2334 1375 2363 et
1397 2328 1617 2371 Tzscbuekc.)

298 2390 354 2432 **)
376 2388 456 2422 Tac.
482 2388 564 2421 nist.
587 2388 649 2428 IV,
671 2393 725 2424 26.
749 2391 794 2422 in.
824 2389 955 2423 Rhenus
977 2392 1146 2434 incognita
1167 2393 1217 2425 illi
1242 2392 1335 2425 coelo
1358 2392 1508 2424 siccitate
1528 2392 1582 2422 vix
1604 2392 1733 2422 navium
1757 2393 1907 2433 patiens:
1935 2399 1997 2429 arti
2021 2408 2181 2432 commea-

361 2446 431 2475 tus:
443 2441 639 2527 1{lispositae
663 2452 870 2504 per-omnem
895 2445 1000 2487 ripam
1023 2446 1205 2485 stationes,
1229 2455 1313 2489 qnae
1337 2442 1530 2528 Germano}
1541 2442 1835 2538 vlaidzatroegiatz)
1857 2498 1873 2530 s
1982 2505 1993 2532 ι

474 2498 526 2527 ist.
551 2494 592 2527 iv
643 2500 664 2528 2
688 2521 696 2528 .
728 2506 774 2530 in.
821 2494 922 2529 Forte
948 2504 1063 2529 navem
1093 2496 1181 2530 haud
1233 2498 1326 2530 rocnl
1348 2500 1467 2530 castris
1520 2508 1554 2530 ne
1591 2507 1610 2529 u
1871 2509 1979 2532 rumen
2116 2515 2122 2521 ·

361 2556 432 2580 cuni
454 2556 512 2590 per
534 2520 620 2579 vada
642 2500 826 2588 hgesisset,
849 2546 1003 2581 Germani
1025 2550 1058 2581 in
1080 2558 1173 2582 snam
1198 2508 1302 2592 rlijpam
1322 2498 1529 2591 trabebant.)
1698 2506 1718 2538 p
1995 2512 2015 2534 ο
2036 2512 2184 2545 guum,

304 2609 379 2651 ***)
400 2608 483 2642 Tne.
505 2608 586 2641 Ann.
611 2607 635 2640 ll
650 2634 658 2647 ‚
691 2614 743 2644 11.
774 2619 813 2641 ex
836 2608 973 2641 Batavis
1002 2611 1166 2654 equitibus
1198 2611 1283 2643 aiios
1318 2621 1389 2644 cnm
1408 2610 1606 2645 cariovaida
1641 2610 1721 2643 duee
1752 2620 1868 2645 caesos
1891 2614 1976 2647 aiios
1999 2618 2051 2649 vix
2076 2620 2107 2650 vi
2130 2628 2189 2651 sna

370 2665 427 2694 aut
449 2671 510 2704 per
535 2663 662 2705 equites
683 2659 848 2694 Romanos
874 2662 1106 2697 subvenientes
1129 2664 1276 2706 periculo
1297 2667 1464 2706 exemptos
1486 2667 1607 2695 narrat.

1707 2715 1765 2756 3.
