2452 3445
1020 152 1414 194 -—‘.’o——

241 276 401 315 Tacitus
428 276 473 312 de
500 273 713 313 Corbulone
741 273 921 313 Ann.Xl.
949 273 1009 313 19.
1038 272 1101 311 90.
1133 276 1172 311 et
1196 273 1242 311 de
1271 272 1456 320 Agricola
1485 277 1613 311 narrat
1640 274 1741 322 Agr.
1765 273 1967 325 39—42‚
1997 275 2199 314 convenire

244 340 419 378 videntur
446 339 481 374 in
508 349 636 376 omnes
669 341 750 377 fere
779 340 916 384 duces,
961 337 1023 386 qui
1051 339 1230 386 auspiciis
1260 337 1425 386 Tiberii,
1457 336 1682 386 Caligulae,
1712 336 1883 386 Claudii,
1910 339 2094 386 Neronis,
2119 338 2204 376 Do—

247 404 382 442 mitiani
409 401 510 439 bella
537 404 754 449 gesserunt.
820 399 997 438 Miserior
1025 401 1159 449 etiam,
1196 414 1304 452 quam
1332 400 1475 439 illorum
1502 401 1656 450 ducum,
1685 400 1891 439 Germanici
1920 404 2003 440 erat
2026 402 2205 441 conditio.

247 468 387 506 Missus
415 466 462 503 ad
486 467 658 504 tuendum
684 465 874 515 imperium
905 466 950 501 ab
984 465 1121 512 impetu
1139 464 1399 503 Germanorum
1432 467 1471 502 et
1500 465 1545 502 ad
1573 465 1821 503 ulciscendam
1843 464 1932 501 Vari
1959 465 2101 502 cladem
2121 466 2204 514 ipse

249 542 290 569 se
328 530 423 569 tucri
458 529 620 567 debebat
657 529 702 567 ab
738 528 1019 577 intemperantia
1048 528 1195 577 populi,
1237 540 1258 565 a
1286 528 1516 567 contumacia
1550 526 1761 576 legionum,
1798 527 1844 565 ab
1872 527 2013 565 insidiis
2048 527 2205 565 Tiberii.

248 594 416 644 Populus
443 594 633 632 Romanus
665 596 705 632 et
732 594 789 631 ira
819 591 990 628 incensus
1020 591 1066 628 ob
1094 591 1236 629 cladem
1266 592 1356 630 Vari
1387 595 1426 629 et
1454 593 1552 629 metu
1582 591 1773 640 territus,
1798 602 1845 629 ne
1874 603 1971 640 gens
1999 590 2207 630 Germano-

250 671 327 695 rum
351 660 584 696 ferocissima
612 659 802 707 imperium
832 656 1035 692 Romanum
1063 656 1320 704 convelleret,
1348 655 1584 705 postulabat,
1614 657 1655 692 ut
1681 656 1807 691 terrae
1835 654 1993 692 bostium
2024 655 2211 694 devasta-

252 725 379 760 rentur
408 725 447 759 et
472 723 576 758 serae
603 721 690 757 illae
719 721 887 757 nationes
920 719 999 755 sine
1031 719 1106 755 ulla
1132 723 1196 757 aut
1224 731 1344 757 sexus
1373 721 1436 756 aut
1462 718 1597 756 aetatis
1625 718 1886 765 miseratione,
1915 718 1948 755 si
1965 717 2044 754 lieri
2065 722 2214 766 posset,

251 786 524 824 trucidarentur
562 784 610 822 ad
650 784 951 822 internecionem.
1016 784 1140 835 Quare
1177 786 1249 821 tam
1286 794 1406 833 saepe
1437 782 1593 821 Tacitus
1627 793 1677 819 ex
1706 783 1976 821 commentariis
2004 781 2212 819 Germanici

252 850 374 887 fusius
411 850 560 894 narrat,
597 860 701 897 quam
734 846 975 886 veliementer
1010 849 1182 885 nationes
1228 847 1326 885 istae
1366 846 1526 884 afflictae
1565 847 1856 895 prostratae-que
1886 846 1974 883 sint.
2036 844 2213 882 Tiberius

253 912 313 949 vir
343 914 380 948 ct
408 911 667 948 callidissimus
696 915 735 948 et
761 911 932 948 diuturno
959 922 1077 948 rerum
1107 910 1408 948 Germanicarum
1435 920 1504 945 usu
1536 908 1693 946 edoctus
1712 921 1791 947 cum
1809 909 1920 947 facile
1945 908 2214 958 suspicaretur,

255 985 350 1026 quae
389 977 495 1012 esset
531 987 623 1012 vera
656 987 777 1013 τοι-111..
812 974 996 1023 conditio,
1034 974 1172 1012 litteris
1209 973 1419 1012 Germanici
1447 972 1553 1010 fldem
1589 984 1662 1010 non
1695 972 1879 1022 babebat,
1915 972 1984 1011 sed
2014 972 2136 1011 multis
2168 971 2215 1010 de

258 1039 404 1078 caussis
448 1039 657 1078 simulabat.
728 1038 822 1088 Quin
869 1039 979 1077 etiam
1018 1039 1051 1075 si
1090 1037 1332 1076 Germanicus
1367 1037 1531 1085 ingenue
1566 1037 1762 1075 confessus
1799 1040 1925 1087 esset,
1972 1049 2081 1088 quam
2115 1037 2216 1075 levia

255 1104 464 1152 intulisset,
495 1114 602 1154 quam
635 1103 774 1150 gravia
803 1103 1017 1152 accepisset
1045 1103 1285 1140 detrimenta:
1316 1101 1492 1139 Tiberius
1510 1102 1678 1151 quamvis
1697 1102 1872 1139 ardenter
1889 1103 2093 1140 imminutas
2113 1101 2214 1140 Ger-

255 1168 387 1203 manici
425 1166 555 1203 laudes
585 1168 762 1215 cuperet,
806 1168 928 1213 tamen
968 1177 1044 1203 rem
1076 1166 1201 1204 celare
1236 1165 1299 1202 vel
1336 1165 1542 1203 involueris
1568 1167 1704 1214 tegere
1730 1165 1934 1205 maluisset.
2002 1165 2093 1205 Cum
2122 1167 2214 1203 enim

256 1230 344 1268 nibil
378 1230 635 1268 vehementius
676 1229 722 1267 ab
752 1228 983 1280 Imperatore
1011 1231 1167 1268 Romani
1200 1229 1463 1279 postularent,
1505 1242 1611 1279 quam
1650 1233 1690 1268 ut
1724 1231 1787 1269 ille
1826 1232 2016 1281 imperium
2045 1244 2067 1269 a
2097 1231 2214 1269 feroci

256 1293 520 1332 Germanorum
551 1294 689 1342 impetu
714 1294 900 1332 tueretur:
927 1293 1023 1332 baud
1051 1295 1130 1332 scio
1159 1305 1205 1331 an
1233 1293 1280 1330 de
1308 1293 1476 1331 cladibus
1496 1293 1702 1332 Germanici
1721 1295 1902 1333 certiores
1922 1295 2012 1333 facti
2038 1294 2214 1345 precibus

257 1359 435 1408 minisque
454 1358 643 1395 Tiberium
665 1359 907 1406 coegissent,
938 1361 980 1396 ut
1008 1359 1090 1407 ipse
1119 1358 1293 1405 legiones
1311 1357 1467 1394 duceret
1482 1357 1668 1394 adversus
1686 1357 1816 1395 hostes
1834 1358 2214 1396 formidolosissimos.

258 1422 351 1460 Nam
388 1420 533 1470 trepida
569 1420 707 1458 civitas
736 1420 805 1457 iam
834 1424 945 1460 antea
972 1422 1162 1470 legionum
1192 1420 1491 1459 Germanicarum
1514 1422 1615 1459 motu
1642 1421 1767 1461 audito
1794 1422 1982 1461 incusarat
2009 1422 2214 1473 Tiberium,

382 1484 479 1535 quod
508 1485 687 1534 infirmae
714 1485 966 1523 adolescentis
999 1487 1220 1523 auctoritati
1245 1490 1395 1522 tantum
1422 1486 1634 1523 exercitum
1660 1488 1930 1524 commisisset:
1968 1489 2063 1535 „ire
2089 1489 2215 1537 ipsum

259 1554 297 1585 et
321 1561 514 1597 opponere
539 1550 779 1585 maiestatem
802 1551 1089 1599 imperatoriam
1117 1549 1294 1585 debuisse
1321 1550 1506 1596 cessuris,
1536 1549 1605 1586 ubi
1624 1551 1838 1601 principem
1865 1551 1983 1600 longa
2014 1551 2216 1601 experien-

260 1613 315 1649 tia
350 1613 590 1663 euudemque
626 1596 843 1651 severitatis
876 1620 913 1651 et
950 1614 1237 1662 munificentiae
1267 1625 1457 1650 summum
1484 1613 1681 1651 vidissent.
1745 1614 1812 1651 An
1846 1615 2071 1665 Augustum
2104 1616 2216 1666 fessa

261 1681 390 1714 aetate
426 1679 562 1715 totiens
599 1678 639 1714 in
676 1677 926 1715 Germaniam
963 1691 1176 1715 commeare
1205 1679 1402 1727 potuisse:
1447 1676 1639 1715 Tiberium
1660 1680 1851 1729 vigentem
1876 1681 1990 1716 annis
2015 1680 2151 1717 sedere
2176 1682 2217 1716 in

261 1746 402 1778 senatu
429 1742 545 1778 verba
568 1747 728 1791 patrum
755 1743 998 1780 cavillantem
1011 1742 1059 1780 ?“
1117 1740 1176 1780 Cf.
1205 1741 1300 1779 Tac.
1328 1741 1426 1779 Ann.
1458 1740 1495 1791 l,
1524 1740 1591 1781 46.

388 1804 444 1841 At
474 1804 649 1841 Tiberius
688 1805 900 1854 priusquam
934 1806 1141 1843 stabilisset
1179 1817 1336 1853 regnum
1370 1817 1441 1844 nec
1471 1807 1600 1844 urbem
1625 1806 1835 1857 relinquere
1870 1817 1939 1844 nec
1970 1807 2015 1845 ad
2043 1807 2219 1856 legiones

265 1867 447 1905 accedere
479 1868 657 1914 volebat,
697 1879 793 1916 quae
828 1870 941 1917 paulo
969 1873 1054 1906 ante
1082 1869 1266 1906 seditione
1305 1871 1403 1907 mota
1430 1869 1648 1908 Germanico
1676 1869 1819 1907 Tiberii
1846 1870 1931 1908 loco
1954 1882 2127 1908 summam
2151 1882 2216 1907 re-

265 1941 342 1968 rum
372 1931 523 1968 tradere
550 1930 760 1968 voluerant.
814 1931 972 1969 Uberius
999 1932 1155 1971 Tacitus
1187 1933 1221 1969 in
1242 1931 1340 1970 Ann.
1361 1931 1400 1981 1,
1427 1931 1492 1970 47.
1519 1921 1667 1981 narrat,
1697 1933 1830 1983 quibus
1854 1933 1997 1971 caussis
2014 1935 2217 1971 commotus

266 1993 441 2031 Tiberius
471 1994 611 2032 Romae
645 1995 867 2031 remanserit
900 1995 1106 2045 quibusque
1146 1996 1289 2034 artibus
1325 2008 1415 2033 usus
1452 1999 1491 2035 et
1523 1997 1649 2034 urbem
1689 1999 1728 2033 et
1761 1996 1977 2045 provincias
2008 1996 2079 2035 hac
2113 1998 2148 2034 in
2178 2010 2218 2035 re

265 2057 457 2096 fefellerit.

393 2121 644 2173 Quaecunque
681 2121 799 2168 igitur
836 2119 994 2158 Tacitus
1028 2120 1171 2159 invenit
1206 2133 1228 2159 a
1267 2121 1485 2162 Germanico
1520 2123 1715 2172 legatisve
1748 2123 1828 2160 eius
1864 2122 2018 2161 Romam
2055 2123 2220 2164 nuntiata

270 2186 442 2235 actisque
470 2185 629 2233 publicis
655 2185 856 2232 divulgata
880 2184 977 2222 haud
1005 2186 1084 2222 scio
1113 2198 1158 2222 an
1187 2199 1209 2223 a
1235 2189 1396 2225 veritate
1425 2200 1497 2225 non
1525 2200 1610 2225 raro
1637 2187 1773 2224 suerint
1802 2187 2037 2224 alienissima.
2146 2181 2148 2183 μ

387 2249 532 2288 Deinde
561 2260 654 2300 quae
684 2248 916 2300 Agrippina,
948 2248 1156 2289 Germanici
1185 2250 1281 2300 iilia,
1309 2255 1427 2291 mater
1453 2252 1638 2303 Neronis,
1666 2253 1701 2290 in
1734 2252 2003 2290 commentariis
2031 2253 2110 2291 suis
2137 2254 2221 2291 sor-

270 2315 367 2351 sitan
391 2314 608 2364 scripserit,
645 2314 713 2350 vix
746 2314 860 2362 digna
895 2316 1096 2351 memoratu
1128 2314 1365 2354 videbuntur.
1428 2314 1585 2355 Tacitus
1611 2316 1647 2354 in
1676 2314 1773 2353 Anu.
1802 2313 1878 2364 IV,
1903 2312 1968 2354 53.
1995 2316 2221 2355 commenta-

270 2380 345 2418 rios
376 2379 463 2417 illos
492 2378 549 2416 his
578 2379 707 2417 verbis
735 2384 1015 2417 commemorat:

400 2442 474 2493 „id
505 2453 582 2490 ego
611 2454 633 2481 a
663 2441 909 2493 scriptoribus
936 2441 1132 2481 Annalium
1169 2454 1241 2481 non
1271 2443 1442 2483 traditum
1470 2444 1595 2494 reperi
1621 2443 1658 2482 in
1687 2443 1954 2483 commentariis
1983 2442 2224 2492 Agrippinae

273 2507 390 2554 filiae,
417 2517 512 2556 quae
531 2506 691 2543 Neronis
717 2507 898 2556 principis
925 2508 1041 2542 mater
1060 2507 1173 2542 vitam
1196 2519 1299 2544 suam
1327 2509 1366 2545 et
1395 2519 1535 2545 casus
1565 2518 1756 2544 suorum
1780 2509 1945 2558 posteris
1962 2507 2224 2544 memoravit.“

397 2570 466 2609 llla
492 2582 590 2622 quae
616 2583 726 2609 casus
758 2582 928 2619 suorum,
958 2581 1055 2618 ergo
1083 2571 1191 2608 ctiam
1211 2572 1331 2619 patris
1357 2573 1524 2621 posteris
1549 2571 1749 2611 tradidisse
1779 2573 1932 2621 dicitur,
1967 2580 2029 2623 res
2067 2581 2088 2607 a
2112 2573 2221 2620 patre

271 2637 408 2685 gestas
432 2635 464 2671 si
493 2635 625 2683 attigit
647 2635 683 2672 in
711 2635 828 2673 maius
857 2633 955 2671 haud
982 2633 1092 2671 dubie
1119 2633 1341 2673 celebravIt.
