2452 3445
1020 169 1420 212 —11—

369 293 570 331 Praeclare
595 292 754 332 Tacitus
789 293 924 331 deinde
957 292 1138 332 describit
1166 291 1286 343 [Ann-
1314 292 1346 341 1,
1374 290 1485 343 GL),
1518 294 1704 344 quomodo
1729 295 1828 333 iusta
1854 294 2039 335 solverint
2064 297 2189 347 legio-

245 369 313 397 nes
344 356 557 405 legionibus
586 356 771 396 Varlanis.
822 354 906 405 Qua
931 355 967 395 iu
992 366 1035 395 re
1060 355 1148 396 ulbil
1177 356 1352 406 offendit,
1391 357 1462 394 nisi
1492 357 1611 395 verba
1637 355 1759 407 (Anu.
1787 356 1816 394 Ι.
1842 356 1930 409 62.)

354 419 523 471 „nullo
558 421 815 468 noscente,
850 418 1042 459 alienas
1070 420 1332 473 relliquIas
1362 430 1420 458 an
1452 431 1642 458 suorum
1670 419 1803 457 humo
1832 422 2091 469 tegeret:“

246 496 330 523 nam
366 496 435 522 nec
472 485 525 521 ita
556 483 659 521 multi
691 484 738 520 de
765 482 962 521 Germanis
994 487 1077 522 atro
1116 484 1181 522 illo
1219 484 1278 522 die
1315 484 1418 523 caesi
1444 495 1514 522 nee
1540 485 1599 534 qni
1628 485 1733 523 eaesi
1759 487 1869 522 erant
1895 486 1974 523 sine
2000 484 2196 536 exsequiis

246 560 268 587 a
294 547 488 588 Germanis
512 548 626 586 'erant
650 546 782 587 relicti.

371 612 475 665 Quae
502 613 708 662 sequantur
733 623 755 650 a
781 611 943 650 veritate
970 609 1173 650 abhorrere
1197 612 1267 650 vix
1294 612 1486 663 quisquam
1513 610 1741 650 infitiabitur.
1798 612 1841 650 Si
1868 611 2033 649 manibus
2063 613 2194 664 aequis

248 679 464 718 abscessum
499 676 621 725 roret,
659 687 732 714 non
769 675 906 714 suisset
942 677 1109 725 omnino,
1154 675 1255 727 quod
1296 677 1539 715 Germanicus
1581 677 1787 715 exercitum
1827 676 2040 714 reduceret.
2099 677 2192 715 Nam

248 754 354 794 quem
385 741 433 780 ad
458 740 563 778 linem
591 739 824 789 produxerat
850 741 987 778 tantum
1016 738 1252 779 exercitum?
1290 743 1333 780 ut
1357 741 1457 778 iusta
1486 739 1660 777 solveret
1687 741 1867 792 relliquiis
1895 740 2083 788 legionum
2110 740 2191 778 Va-

246 800 457 846 rinnai-um?
497 802 555 842 At
588 814 761 853 suprema
792 803 866 841 illis
901 804 1056 842 solvere
1092 806 1167 843 tum
1201 805 1342 844 demum
1379 804 1599 844 Germanico
1635 804 1670 841 in
1706 806 1860 842 mentem
1896 806 2077 854 venerat,
2112 814 2192 843 cum

245 871 438 918 fugientes
467 868 670 904 Bructeros
697 869 920 916 persecutus
949 868 1057 918 quasi
1085 878 1136 905 ex
1161 868 1350 918 inopinato
1379 870 1599 907 accesserat
1627 868 1674 905 ad
1701 868 1795 906 lines
1825 869 1942 906 saltus
1971 868 2191 907 Teutobur-

245 934 413 985 giensis,
462 942 533 971 nec
571 930 669 969 aliud
702 929 898 982 quidquam
938 933 1140 970 memoratu
1175 931 1326 981 dignum
1362 935 1428 971 aut
1464 934 1644 982 gesserat
1670 934 1736 971 aut
1761 942 1900 980 gerere
1926 932 2117 982 voluerat,
2151 935 2192 971 ut

246 999 308 1051 qui
345 996 518 1045 legiones
552 1006 599 1033 ne
635 995 749 1033 semel
786 995 933 1045 quidem
969 995 1080 1033 antea
1118 996 1361 1034 instruxisset
1399 996 1584 1034 adversus
1623 995 1782 1033 hostem.
1842 996 2036 1044 lugentem
2073 998 2192 1046 igitur

245 1063 450 1100 exercitum
486 1059 673 1108 tripartito
710 1059 842 1095 itinere
877 1059 925 1095 ad
959 1058 1136 1096 Amisiam
1174 1063 1214 1096 et
1248 1059 1333 1096 inde
1375 1060 1411 1095 in
1448 1059 1582 1096 saltum
1621 1058 1988 1106 Teutoburgiensem
2030 1060 2194 1097 duxerat

244 1139 288 1164 ac
327 1136 374 1162 ne
409 1121 525 1160 semel
564 1121 708 1171 quidem
736 1133 862 1158 manus
889 1122 1133 1166 conseruerat
1170 1132 1251 1158 cum
1279 1120 1473 1160 hostibus:
1510 1133 1593 1159 nam
1624 1121 1723 1171 quod
1752 1121 1956 1160 Stertinius
1986 1122 2190 1162 Bructeros

246 1189 345 1229 ultro
376 1187 565 1235 fugientes
603 1183 667 1223 vel
704 1184 831 1234 potius
861 1185 908 1225 ad
936 1183 1219 1234 coniungendas
1246 1184 1348 1223 vires
1376 1196 1457 1224 cum
1486 1185 1606 1236 copiis
1635 1184 1791 1223 Arminii
1819 1196 2023 1235 regressos
2052 1197 2191 1237 perse-

247 1256 355 1293 cutus
390 1259 587 1300 eorumque
629 1250 764 1285 terram
804 1249 1006 1299 populatus
1043 1250 1146 1287 erat:
1181 1249 1218 1285 id
1256 1249 1402 1299 quidem
1431 1250 1502 1288 nisi
1528 1250 1619 1288 mira
1648 1250 1797 1286 fortuna
1823 1250 1983 1299 aquilam
2010 1250 2103 1288 xxi
2128 1251 2189 1288 le—

247 1318 372 1366 gionis
408 1314 693 1364 recuperasset,
734 1313 803 1350 vix
829 1314 1013 1351 mentione
1037 1313 1188 1360 dignum
1213 1317 1431 1363 appareret.
1484 1313 1641 1362 integro
1669 1312 1787 1361 igitur
1812 1315 2006 1364 exercitu,
2041 1315 2189 1363 integro

245 1384 327 1420 l'ere
360 1380 564 1419 commeatu
601 1387 834 1427 progressus
864 1376 1010 1416 tandem
1039 1377 1251 1428 assequitur
1277 1376 1500 1426 Arminium,
1534 1377 1569 1414 in
1595 1388 1701 1428 quem
1729 1387 1868 1415 summa
1894 1377 2095 1417 ulciscendi
2119 1390 2188 1417 cu-

244 1444 401 1495 piditate
428 1442 547 1480 fertur
573 1463 624 1468 —
652 1440 824 1478 accendit
851 1441 940 1477 iram
968 1440 1158 1488 legionum
1185 1442 1378 1491 exsequiIs
1410 1441 1590 1479 faciendis
1614 1462 1661 1467 —-
1690 1451 1760 1479 nec
1784 1443 1905 1479 tamen
1934 1444 2014 1481 tota
2041 1444 2081 1479 vi
2110 1455 2188 1491 ag·-

245 1507 418 1557 greditur
451 1504 594 1542 hostem
630 1504 810 1551 invisum,
850 1503 918 1540 sed
948 1504 1097 1552 equites
1126 1506 1262 1542 tantum
1292 1503 1541 1555 cohortesque
1568 1506 1659 1554 post
1682 1501 1753 1541 hos
1782 1503 2023 1544 subsidiarias
2049 1506 2085 1544 in
2112 1519 2188 1556 pu-

243 1582 355 1621 gnam
384 1568 499 1607 rmittit
533 1567 702 1618 fusisque
739 1566 796 1603 his
834 1577 1029 1617 aegreque
1065 1568 1285 1605 sustentatis
1311 1567 1469 1605 reditum
1493 1569 1623 1617 parat,
1667 1566 1825 1617 denique
1852 1569 2056 1619 separatis,
2093 1580 2189 1620 quae

244 1634 448 1686 prudenter
472 1630 519 1668 ad
551 1629 730 1667 Amisiam
757 1632 1086 1679 congregaverat,
1118 1631 1237 1680 copiis
1264 1630 1461 1670 Caecinam
1492 1642 1565 1668 non
1597 1642 1643 1669 ea
1672 1632 1755 1679 via,
1784 1643 1891 1681 quam
1917 1631 1980 1670 ille
1997 1633 2189 1681 munierat,

246 1698 315 1737 sed
354 1707 424 1746 per
463 1696 600 1745 pontes
632 1693 793 1741 longos,
842 1705 937 1745 quos
970 1695 1102 1744 partim
1141 1695 1317 1734 subrutos
1349 1706 1422 1733 non
1461 1694 1681 1743 ignorabat,
1721 1694 1847 1733 redire
1884 1696 2020 1733 iussum
2047 1707 2188 1734 summo

244 1759 439 1801 discrimini
468 1758 658 1809 permittit.
713 1757 783 1809 Qui
811 1758 904 1795 enim
931 1758 1073 1808 opinari
1102 1761 1272 1809 poterat,
1301 1758 1497 1799 Caecinam
1527 1757 1644 1796 solum
1672 1770 1799 1808 parem
1828 1759 1910 1797 rore
1932 1757 2051 1808 hosti,
2078 1771 2188 1811 quem

245 1828 328 1878 ipse
364 1823 570 1863 coniunctis
606 1821 772 1859 omnibus
809 1821 928 1870 copiis
963 1822 1062 1860 vinci
1101 1835 1218 1874 posse
1256 1819 1476 1861 diffidebat?
1512 1822 1622 1859 Immo
1659 1833 1753 1859 vero
1780 1824 1833 1860 ita
1860 1822 1987 1861 afflicti
2015 1823 2190 1861 videntur

244 1890 421 1936 Romani,
465 1889 506 1924 ut
540 1886 696 1924 reditum
724 1897 833 1937 quam
864 1886 1022 1923 maxime
1053 1887 1267 1927 accelerare
1291 1887 1505 1935 debuerint,
1548 1897 1618 1924 nec
1646 1885 1802 1924 consilio
1826 1886 2078 1936 imperatoris,
2118 1888 2188 1927 sed

246 1955 287 1994 vi
306 1952 465 1991 hostium
493 1950 683 1990 seiunctus
712 1948 875 1990 Caecina
897 1951 1009 2000 atque
1036 1950 1073 1988 in
1100 1951 1172 1991 iter
1198 1950 1549 2002 periculosissimum
1578 1951 1796 2001 protrusus,
1824 1961 1897 2001 quo
1925 1948 2187 1989 Germanorum

243 2020 333 2057 iram
364 2017 403 2053 et
434 2015 611 2053 virtutem
652 2014 720 2051 vix
749 2013 919 2062 effugere
945 2024 1061 2064 posse
1085 2014 1297 2054 videbatur.
1352 2013 1497 2064 Effugit
1522 2027 1613 2053 sane
1643 2014 1782 2062 insigni
1811 2016 1850 2051 et
1874 2016 1955 2052 arte
1982 2017 2023 2052 et
2050 2016 2189 2054 virtute

243 2093 313 2119 sua
350 2090 424 2117 non
457 2078 600 2125 minus,
642 2089 750 2127 quam
785 2077 942 2115 hostium
981 2078 1163 2117 aviditate
1202 2081 1241 2117 et
1266 2079 1569 2128 intemperantia:
1607 2082 1648 2116 at
1673 2077 1808 2126 effugit
1834 2078 1908 2126 ita,
1945 2080 1988 2117 ut
2014 2079 2186 2119 afflictum

242 2157 286 2183 se
323 2144 626 2194 prostratumque
654 2140 894 2179 confiteretur
921 2141 1116 2180 convictus
1143 2142 1227 2192 ipse
1255 2143 1400 2190 ingenti
1427 2142 1557 2180 damno
1587 2141 1878 2191 militum‘atque
1903 2141 2187 2191 impedimento-

240 2212 319 2248 rum'
346 2208 461 2246 sacto.

366 2269 578 2321 Relliquiae
613 2267 797 2318 quomodo
835 2268 1050 2317 evaserint,
1085 2267 1244 2307 Tacitus
1278 2268 1426 2307 litteras
1452 2269 1532 2306 sine
1561 2268 1672 2305 dubio
1699 2270 1854 2306 secutus
1883 2267 2069 2307 CaecInae
2094 2280 2189 2307 uar-

244 2338 322 2375 rat:
357 2334 491 2384 quibus
518 2332 703 2382 quomodo
728 2331 836 2369 fldem
863 2329 1002 2369 habere
1029 2332 1216 2381 potuerit,
1251 2341 1323 2369 non
1351 2331 1606 2379 intelligimus.
2109 2344 2112 2346 ·

367 2396 492 2435 Primo
517 2396 612 2433 enim
638 2395 697 2432 die
725 2392 844 2445 [Ann.
872 2392 914 2443 1,
944 2392 1034 2445 64.)
1062 2393 1217 2432 Romani
1243 2393 1483 2431 vehementer
1510 2394 1643 2431 vexati
1668 2395 1878 2433 eximuntur
1904 2398 2014 2434 nocte
2044 2396 2190 2434 adver-

244 2473 312 2501 sae
341 2470 514 2511 pugnae,
550 2469 622 2496 non
650 2458 840 2496 laboribus
867 2459 934 2496 ant
961 2457 1187 2495 terroribusx
1221 2455 1328 2494 immo
1356 2466 1427 2507 per
1451 2458 1636 2505 integram
1666 2460 1810 2495 noctem
1841 2459 2013 2508 occupati
2039 2462 2128 2498 sunt
2154 2460 2190 2497 in

247 2522 455 2563 reficiendis
481 2522 682 2571 operibus,
713 2532 809 2571 quae
835 2532 860 2558 a
882 2519 1077 2566 Germanis
1101 2529 1172 2569 per
1195 2529 1313 2569 aquas
1340 2521 1377 2557 in
1403 2520 1646 2558 circumiectis
1668 2521 1771 2569 iugis
1797 2524 1902 2560 ortas
1924 2524 1964 2560 et
1989 2522 2039 2560 ad
2066 2525 2191 2562 castra

246 2587 415 2625 Romana
450 2595 584 2622 versas
626 2582 899 2622 subruebantur
935 2585 975 2621 et
1007 2593 1076 2633 per
1103 2583 1288 2630 integram
1318 2586 1463 2622 noctem
1492 2585 1677 2622 terrentur
1706 2584 1800 2622 truci
1830 2583 1992 2622 clamore
2019 2584 2193 2635 hesum,

248 2650 313 2701 qui
346 2648 457 2687 festis
492 2648 612 2699 epulis
644 2647 801 2685 excitati
838 2645 975 2694 „laeto
1003 2648 1112 2685 cantu
1146 2648 1211 2685 aut
1233 2647 1329 2685 truci
1357 2657 1492 2686 sonore
1520 2647 1690 2685 subiecta
1718 2647 1868 2685 vallium
1894 2660 1939 2687 ac
1965 2649 2194 2688 resultantes

1703 2710 1727 2748 Ξ,
1747 2711 1769 2729 *
