<?xml version="1.0" encoding="UTF-8"?>
<!DOCTYPE html PUBLIC "-//W3C//DTD XHTML 1.0 Transitional//EN"
    "http://www.w3.org/TR/xhtml1/DTD/xhtml1-transitional.dtd">
<html xmlns="http://www.w3.org/1999/xhtml" xml:lang="en" lang="en">
 <head>
  <title>
</title>
<meta http-equiv="Content-Type" content="text/html;charset=utf-8" />
  <meta name='ocr-system' content='tesseract 3.04.00' />
  <meta name='ocr-capabilities' content='ocr_page ocr_carea ocr_par ocr_line ocrx_word'/>
</head>
<body>
  <div class='ocr_page' id='page_1' title='image "4625155_0038.png"; bbox 0 0 2452 3445; ppageno 0'>
   <div class='ocr_carea' id='block_1_1' title="bbox 236 286 2250 2118">
    <p class='ocr_par' dir='ltr' id='par_1_1' title="bbox 238 286 2208 596">
     <span class='ocr_line' id='line_1_1' title="bbox 247 286 2206 338; baseline 0 -7"><span class='ocrx_word' id='word_1_1' title='bbox 247 291 338 331; x_wconf 85' lang='lat' dir='ltr'>riam</span> <span class='ocrx_word' id='word_1_2' title='bbox 376 290 580 338; x_wconf 88' lang='lat' dir='ltr'>reportant.</span> <span class='ocrx_word' id='word_1_3' title='bbox 644 286 795 335; x_wconf 83' lang='lat' dir='ltr'>ingenti</span> <span class='ocrx_word' id='word_1_4' title='bbox 833 286 939 325; x_wconf 88' lang='lat' dir='ltr'>clade</span> <span class='ocrx_word' id='word_1_5' title='bbox 965 289 1123 337; x_wconf 90' lang='lat' dir='ltr'>accepta</span> <span class='ocrx_word' id='word_1_6' title='bbox 1152 299 1225 327; x_wconf 92' lang='lat' dir='ltr'>non</span> <span class='ocrx_word' id='word_1_7' title='bbox 1251 291 1455 338; x_wconf 76' lang='lat' dir='ltr'><strong>exspectat</strong></span> <span class='ocrx_word' id='word_1_8' title='bbox 1481 288 1692 338; x_wconf 75' lang='lat' dir='ltr'>Arminius,</span> <span class='ocrx_word' id='word_1_9' title='bbox 1729 290 1812 327; x_wconf 78' lang='lat' dir='ltr'>dum</span> <span class='ocrx_word' id='word_1_10' title='bbox 1839 301 1940 329; x_wconf 75' lang='lat' dir='ltr'>nova</span> <span class='ocrx_word' id='word_1_11' title='bbox 1970 291 2109 331; x_wconf 86' lang='lat' dir='ltr'>auxilia</span> <span class='ocrx_word' id='word_1_12' title='bbox 2135 294 2206 331; x_wconf 88' lang='lat' dir='ltr'>ad·</span> 
     </span>
     <span class='ocr_line' id='line_1_2' title="bbox 245 350 2208 402; baseline 0.001 -8"><span class='ocrx_word' id='word_1_13' title='bbox 245 355 416 401; x_wconf 84' lang='lat' dir='ltr'>veniant,</span> <span class='ocrx_word' id='word_1_14' title='bbox 445 350 516 388; x_wconf 87' lang='lat' dir='ltr'>sed</span> <span class='ocrx_word' id='word_1_15' title='bbox 543 362 686 401; x_wconf 80' lang='lat' dir='ltr'>parvas</span> <span class='ocrx_word' id='word_1_16' title='bbox 714 350 904 400; x_wconf 89' lang='lat' dir='ltr'>relliquias</span> <span class='ocrx_word' id='word_1_17' title='bbox 931 361 1042 400; x_wconf 88' lang='lat' dir='ltr'>suas,</span> <span class='ocrx_word' id='word_1_18' title='bbox 1071 352 1180 402; x_wconf 88' lang='lat' dir='ltr'>quasi</span> <span class='ocrx_word' id='word_1_19' title='bbox 1209 352 1257 390; x_wconf 85' lang='lat' dir='ltr'>ad</span> <span class='ocrx_word' id='word_1_20' title='bbox 1284 351 1584 402; x_wconf 79' lang='lat' dir='ltr'>internecionem,</span> <span class='ocrx_word' id='word_1_21' title='bbox 1610 353 1742 391; x_wconf 71' lang='lat' dir='ltr'>iterum</span> <span class='ocrx_word' id='word_1_22' title='bbox 1769 353 1805 390; x_wconf 90' lang='lat' dir='ltr'>iu</span> <span class='ocrx_word' id='word_1_23' title='bbox 1831 352 2020 393; x_wconf 78' lang='lat' dir='ltr'>Romanos</span> <span class='ocrx_word' id='word_1_24' title='bbox 2046 355 2208 395; x_wconf 83' lang='lat' dir='ltr'>validis-</span> 
     </span>
     <span class='ocr_line' id='line_1_3' title="bbox 247 413 2207 468; baseline 0.001 -12"><span class='ocrx_word' id='word_1_25' title='bbox 247 419 360 456; x_wconf 90' lang='lat' dir='ltr'>simos</span> <span class='ocrx_word' id='word_1_26' title='bbox 390 416 424 453; x_wconf 90' lang='lat' dir='ltr'>si</span> <span class='ocrx_word' id='word_1_27' title='bbox 451 425 523 453; x_wconf 92' lang='lat' dir='ltr'>non</span> <span class='ocrx_word' id='word_1_28' title='bbox 549 415 682 461; x_wconf 83' lang='lat' dir='ltr'>mittit,</span> <span class='ocrx_word' id='word_1_29' title='bbox 712 416 752 451; x_wconf 86' lang='lat' dir='ltr'>at</span> <span class='ocrx_word' id='word_1_30' title='bbox 778 416 883 451; x_wconf 89' lang='lat' dir='ltr'>certe</span> <span class='ocrx_word' id='word_1_31' title='bbox 909 413 1088 450; x_wconf 85' lang='lat' dir='ltr'>invadere</span> <span class='ocrx_word' id='word_1_32' title='bbox 1120 424 1193 451; x_wconf 92' lang='lat' dir='ltr'>non</span> <span class='ocrx_word' id='word_1_33' title='bbox 1219 413 1394 464; x_wconf 84' lang='lat' dir='ltr'>probibet</span> <span class='ocrx_word' id='word_1_34' title='bbox 1422 425 1595 466; x_wconf 80' lang='lat' dir='ltr'>novaque</span> <span class='ocrx_word' id='word_1_35' title='bbox 1626 415 1733 454; x_wconf 88' lang='lat' dir='ltr'>clade</span> <span class='ocrx_word' id='word_1_36' title='bbox 1760 414 1943 454; x_wconf 71' lang='lat' dir='ltr'>afficitur:</span> <span class='ocrx_word' id='word_1_37' title='bbox 1969 427 2052 455; x_wconf 86' lang='lat' dir='ltr'>nam</span> <span class='ocrx_word' id='word_1_38' title='bbox 2075 431 2207 468; x_wconf 85' lang='lat' dir='ltr'>quam-</span> 
     </span>
     <span class='ocr_line' id='line_1_4' title="bbox 241 476 2208 532; baseline 0.001 -13"><span class='ocrx_word' id='word_1_39' title='bbox 241 493 348 532; x_wconf 88' lang='lat' dir='ltr'>quam</span> <span class='ocrx_word' id='word_1_40' title='bbox 378 477 551 518; x_wconf 77' lang='lat' dir='ltr'>Germani</span> <span class='ocrx_word' id='word_1_41' title='bbox 581 489 720 516; x_wconf 85' lang='lat' dir='ltr'>summa</span> <span class='ocrx_word' id='word_1_42' title='bbox 745 476 887 515; x_wconf 79' lang='lat' dir='ltr'>virtute</span> <span class='ocrx_word' id='word_1_43' title='bbox 916 478 1108 526; x_wconf 86' lang='lat' dir='ltr'>pugnant,</span> <span class='ocrx_word' id='word_1_44' title='bbox 1136 477 1221 527; x_wconf 89' lang='lat' dir='ltr'>ipse</span> <span class='ocrx_word' id='word_1_45' title='bbox 1248 476 1436 516; x_wconf 82' lang='lat' dir='ltr'>Arminius</span> <span class='ocrx_word' id='word_1_46' title='bbox 1464 478 1535 516; x_wconf 89' lang='lat' dir='ltr'>iam</span> <span class='ocrx_word' id='word_1_47' title='bbox 1564 480 1842 529; x_wconf 81' lang='lat' dir='ltr'>„impromptus</span> <span class='ocrx_word' id='word_1_48' title='bbox 1869 479 1931 517; x_wconf 89' lang='lat' dir='ltr'>est</span> <span class='ocrx_word' id='word_1_49' title='bbox 1957 478 2005 516; x_wconf 94' lang='lat' dir='ltr'>ob</span> <span class='ocrx_word' id='word_1_50' title='bbox 2035 482 2208 521; x_wconf 89' lang='lat' dir='ltr'>continua</span> 
     </span>
     <span class='ocr_line' id='line_1_5' title="bbox 238 538 1479 596; baseline -0.002 -14"><span class='ocrx_word' id='word_1_51' title='bbox 238 542 405 596; x_wconf 90' lang='lat' dir='ltr'>pericula</span> <span class='ocrx_word' id='word_1_52' title='bbox 431 542 515 580; x_wconf 84' lang='lat' dir='ltr'>sive</span> <span class='ocrx_word' id='word_1_53' title='bbox 541 539 639 577; x_wconf 89' lang='lat' dir='ltr'>illum</span> <span class='ocrx_word' id='word_1_54' title='bbox 665 548 799 577; x_wconf 90' lang='lat' dir='ltr'>recens</span> <span class='ocrx_word' id='word_1_55' title='bbox 828 541 1021 589; x_wconf 88' lang='lat' dir='ltr'>acceptum</span> <span class='ocrx_word' id='word_1_56' title='bbox 1044 538 1182 577; x_wconf 82' lang='lat' dir='ltr'>vulnus</span> <span class='ocrx_word' id='word_1_57' title='bbox 1209 540 1443 580; x_wconf 82' lang='lat' dir='ltr'>tardaverat.</span> <span class='ocrx_word' id='word_1_58' title='bbox 1453 540 1479 562; x_wconf 91' lang='lat'>“</span> 
     </span>
    </p>

    <p class='ocr_par' dir='ltr' id='par_1_2' title="bbox 238 602 2207 900">
     <span class='ocr_line' id='line_1_6' title="bbox 364 602 2204 652; baseline 0 -8"><span class='ocrx_word' id='word_1_59' title='bbox 364 607 465 644; x_wconf 81' lang='lat' dir='ltr'>Ecce</span> <span class='ocrx_word' id='word_1_60' title='bbox 492 616 554 641; x_wconf 90' lang='lat' dir='ltr'>res</span> <span class='ocrx_word' id='word_1_61' title='bbox 580 604 626 639; x_wconf 91' lang='lat' dir='ltr'>ab</span> <span class='ocrx_word' id='word_1_62' title='bbox 654 602 822 639; x_wconf 80' lang='lat' dir='ltr'>Arminio</span> <span class='ocrx_word' id='word_1_63' title='bbox 858 605 897 639; x_wconf 91' lang='lat' dir='ltr'>et</span> <span class='ocrx_word' id='word_1_64' title='bbox 922 605 1010 639; x_wconf 90' lang='lat' dir='ltr'>ante</span> <span class='ocrx_word' id='word_1_65' title='bbox 1040 603 1304 652; x_wconf 79' lang='lat' dir='ltr'>expeditiones</span> <span class='ocrx_word' id='word_1_66' title='bbox 1335 604 1545 642; x_wconf 84' lang='lat' dir='ltr'>Germanici</span> <span class='ocrx_word' id='word_1_67' title='bbox 1576 607 1617 642; x_wconf 92' lang='lat' dir='ltr'>et</span> <span class='ocrx_word' id='word_1_68' title='bbox 1642 605 1831 642; x_wconf 83' lang='lat' dir='ltr'>adversus</span> <span class='ocrx_word' id='word_1_69' title='bbox 1859 614 1986 641; x_wconf 90' lang='lat' dir='ltr'>omnes</span> <span class='ocrx_word' id='word_1_70' title='bbox 2014 604 2102 643; x_wconf 86' lang='lat' dir='ltr'>illas</span> <span class='ocrx_word' id='word_1_71' title='bbox 2127 617 2204 643; x_wconf 83' lang='lat' dir='ltr'>ex-</span> 
     </span>
     <span class='ocr_line' id='line_1_7' title="bbox 238 662 2206 721; baseline -0.001 -13"><span class='ocrx_word' id='word_1_72' title='bbox 238 670 452 721; x_wconf 87' lang='lat' dir='ltr'>peditiones</span> <span class='ocrx_word' id='word_1_73' title='bbox 486 679 555 717; x_wconf 88' lang='lat' dir='ltr'>per</span> <span class='ocrx_word' id='word_1_74' title='bbox 584 669 664 705; x_wconf 88' lang='lat' dir='ltr'>tres</span> <span class='ocrx_word' id='word_1_75' title='bbox 696 676 813 703; x_wconf 90' lang='lat' dir='ltr'>annos</span> <span class='ocrx_word' id='word_1_76' title='bbox 840 662 999 711; x_wconf 78' lang='lat' dir='ltr'>gestae!</span> <span class='ocrx_word' id='word_1_77' title='bbox 1052 665 1155 716; x_wconf 84' lang='lat' dir='ltr'>Quas</span> <span class='ocrx_word' id='word_1_78' title='bbox 1180 667 1213 704; x_wconf 89' lang='lat' dir='ltr'>si</span> <span class='ocrx_word' id='word_1_79' title='bbox 1241 667 1289 705; x_wconf 89' lang='lat' dir='ltr'>ad</span> <span class='ocrx_word' id='word_1_80' title='bbox 1318 668 1516 705; x_wconf 86' lang='lat' dir='ltr'>veritatem</span> <span class='ocrx_word' id='word_1_81' title='bbox 1544 667 1815 717; x_wconf 79' lang='lat' dir='ltr'>descripsisset</span> <span class='ocrx_word' id='word_1_82' title='bbox 1841 668 2019 715; x_wconf 88' lang='lat' dir='ltr'>Tacitus,</span> <span class='ocrx_word' id='word_1_83' title='bbox 2048 680 2206 716; x_wconf 91' lang='lat' dir='ltr'>prorsus</span> 
     </span>
     <span class='ocr_line' id='line_1_8' title="bbox 238 728 2207 784; baseline -0.001 -11"><span class='ocrx_word' id='word_1_84' title='bbox 238 746 312 773; x_wconf 93' lang='lat' dir='ltr'>non</span> <span class='ocrx_word' id='word_1_85' title='bbox 349 731 572 784; x_wconf 87' lang='lat' dir='ltr'>appareret,</span> <span class='ocrx_word' id='word_1_86' title='bbox 609 729 672 780; x_wconf 90' lang='lat' dir='ltr'>qui</span> <span class='ocrx_word' id='word_1_87' title='bbox 706 729 743 767; x_wconf 90' lang='lat' dir='ltr'>in</span> <span class='ocrx_word' id='word_1_88' title='bbox 770 730 927 766; x_wconf 89' lang='lat' dir='ltr'>mentem</span> <span class='ocrx_word' id='word_1_89' title='bbox 967 728 1002 766; x_wconf 89' lang='lat' dir='ltr'>ei</span> <span class='ocrx_word' id='word_1_90' title='bbox 1030 729 1162 767; x_wconf 85' lang='lat' dir='ltr'>venire</span> <span class='ocrx_word' id='word_1_91' title='bbox 1191 730 1401 781; x_wconf 86' lang='lat' dir='ltr'>potuisset,</span> <span class='ocrx_word' id='word_1_92' title='bbox 1439 731 1552 769; x_wconf 90' lang='lat' dir='ltr'>tantis</span> <span class='ocrx_word' id='word_1_93' title='bbox 1582 730 1755 770; x_wconf 76' lang='lat' dir='ltr'>laudibus</span> <span class='ocrx_word' id='word_1_94' title='bbox 1782 731 1983 771; x_wconf 88' lang='lat' dir='ltr'>Arminium</span> <span class='ocrx_word' id='word_1_95' title='bbox 2008 730 2140 770; x_wconf 88' lang='lat' dir='ltr'>eil&#39;erre</span> <span class='ocrx_word' id='word_1_96' title='bbox 2168 734 2207 771; x_wconf 94' lang='lat' dir='ltr'>et</span> 
     </span>
     <span class='ocr_line' id='line_1_9' title="bbox 244 791 2206 847; baseline -0.002 -8"><span class='ocrx_word' id='word_1_97' title='bbox 244 797 402 839; x_wconf 89' lang='lat' dir='ltr'>Graecis</span> <span class='ocrx_word' id='word_1_98' title='bbox 440 794 583 847; x_wconf 90' lang='lat' dir='ltr'>pariter</span> <span class='ocrx_word' id='word_1_99' title='bbox 620 805 666 833; x_wconf 88' lang='lat' dir='ltr'>ac</span> <span class='ocrx_word' id='word_1_100' title='bbox 693 791 868 832; x_wconf 83' lang='lat' dir='ltr'>Romanis</span> <span class='ocrx_word' id='word_1_101' title='bbox 905 792 1045 832; x_wconf 85' lang='lat' dir='ltr'>crimini</span> <span class='ocrx_word' id='word_1_102' title='bbox 1079 794 1258 844; x_wconf 86' lang='lat' dir='ltr'>vertere,</span> <span class='ocrx_word' id='word_1_103' title='bbox 1297 793 1397 847; x_wconf 84' lang='lat' dir='ltr'>quod</span> <span class='ocrx_word' id='word_1_104' title='bbox 1431 794 1524 834; x_wconf 90' lang='lat' dir='ltr'>tanti</span> <span class='ocrx_word' id='word_1_105' title='bbox 1562 794 1633 834; x_wconf 90' lang='lat' dir='ltr'>viri</span> <span class='ocrx_word' id='word_1_106' title='bbox 1671 794 1803 835; x_wconf 80' lang='lat' dir='ltr'>laudes</span> <span class='ocrx_word' id='word_1_107' title='bbox 1838 806 1911 834; x_wconf 91' lang='lat' dir='ltr'>non</span> <span class='ocrx_word' id='word_1_108' title='bbox 1949 792 2206 835; x_wconf 74' lang='lat' dir='ltr'>celebrassent</span> 
     </span>
     <span class='ocr_line' id='line_1_10' title="bbox 246 862 452 900; baseline -0.019 0"><span class='ocrx_word' id='word_1_109' title='bbox 246 862 452 900; x_wconf 79' lang='lat' dir='ltr'>annaHbus.</span> 
     </span>
    </p>

    <p class='ocr_par' dir='ltr' id='par_1_3' title="bbox 236 919 2203 1155">
     <span class='ocr_line' id='line_1_11' title="bbox 361 919 2203 974; baseline -0.001 -11"><span class='ocrx_word' id='word_1_110' title='bbox 361 924 418 963; x_wconf 87' lang='lat' dir='ltr'>At</span> <span class='ocrx_word' id='word_1_111' title='bbox 454 924 611 961; x_wconf 77' lang='lat' dir='ltr'>forsitan</span> <span class='ocrx_word' id='word_1_112' title='bbox 643 922 824 971; x_wconf 76' lang='lat' dir='ltr'>quispiam</span> <span class='ocrx_word' id='word_1_113' title='bbox 860 919 1062 960; x_wconf 87' lang='lat' dir='ltr'>crediderit</span> <span class='ocrx_word' id='word_1_114' title='bbox 1096 926 1186 971; x_wconf 89' lang='lat' dir='ltr'>post</span> <span class='ocrx_word' id='word_1_115' title='bbox 1220 923 1306 960; x_wconf 87' lang='lat' dir='ltr'>illas</span> <span class='ocrx_word' id='word_1_116' title='bbox 1340 922 1601 971; x_wconf 87' lang='lat' dir='ltr'>expeditiones</span> <span class='ocrx_word' id='word_1_117' title='bbox 1640 935 1703 962; x_wconf 88' lang='lat' dir='ltr'>res</span> <span class='ocrx_word' id='word_1_118' title='bbox 1736 926 1782 962; x_wconf 84' lang='lat' dir='ltr'>ab</span> <span class='ocrx_word' id='word_1_119' title='bbox 1813 925 1978 962; x_wconf 88' lang='lat' dir='ltr'>Arminio</span> <span class='ocrx_word' id='word_1_120' title='bbox 2010 925 2203 974; x_wconf 90' lang='lat' dir='ltr'>praeclare</span> 
     </span>
     <span class='ocr_line' id='line_1_12' title="bbox 241 986 2201 1039; baseline -0.001 -11"><span class='ocrx_word' id='word_1_121' title='bbox 241 991 376 1039; x_wconf 87' lang='lat' dir='ltr'>gestas</span> <span class='ocrx_word' id='word_1_122' title='bbox 403 999 505 1026; x_wconf 89' lang='lat' dir='ltr'>esse.</span> <span class='ocrx_word' id='word_1_123' title='bbox 567 986 726 1025; x_wconf 92' lang='lat' dir='ltr'>Tacitus</span> <span class='ocrx_word' id='word_1_124' title='bbox 764 986 941 1036; x_wconf 90' lang='lat' dir='ltr'>imprimis</span> <span class='ocrx_word' id='word_1_125' title='bbox 969 986 1119 1024; x_wconf 90' lang='lat' dir='ltr'>duarum</span> <span class='ocrx_word' id='word_1_126' title='bbox 1144 999 1267 1024; x_wconf 87' lang='lat' dir='ltr'>rerum</span> <span class='ocrx_word' id='word_1_127' title='bbox 1294 987 1511 1025; x_wconf 89' lang='lat' dir='ltr'>mentionem</span> <span class='ocrx_word' id='word_1_128' title='bbox 1539 987 1630 1025; x_wconf 78' lang='lat' dir='ltr'>iacit</span> <span class='ocrx_word' id='word_1_129' title='bbox 1665 990 1704 1025; x_wconf 89' lang='lat' dir='ltr'>et</span> <span class='ocrx_word' id='word_1_130' title='bbox 1736 987 1826 1025; x_wconf 87' lang='lat' dir='ltr'>belli</span> <span class='ocrx_word' id='word_1_131' title='bbox 1853 988 2040 1026; x_wconf 79' lang='lat' dir='ltr'>adversus</span> <span class='ocrx_word' id='word_1_132' title='bbox 2068 988 2201 1026; x_wconf 84' lang='lat' dir='ltr'>Maro-</span> 
     </span>
     <span class='ocr_line' id='line_1_13' title="bbox 239 1049 2203 1102; baseline 0 -13"><span class='ocrx_word' id='word_1_133' title='bbox 239 1051 399 1090; x_wconf 85' lang='lat' dir='ltr'>boduum</span> <span class='ocrx_word' id='word_1_134' title='bbox 436 1051 541 1099; x_wconf 86' lang='lat' dir='ltr'>gesti</span> <span class='ocrx_word' id='word_1_135' title='bbox 573 1053 612 1088; x_wconf 87' lang='lat' dir='ltr'>et</span> <span class='ocrx_word' id='word_1_136' title='bbox 646 1049 976 1100; x_wconf 83' lang='lat' dir='ltr'>intemperantiae,</span> <span class='ocrx_word' id='word_1_137' title='bbox 1014 1061 1087 1100; x_wconf 91' lang='lat' dir='ltr'>qua</span> <span class='ocrx_word' id='word_1_138' title='bbox 1112 1049 1302 1088; x_wconf 88' lang='lat' dir='ltr'>Arminius</span> <span class='ocrx_word' id='word_1_139' title='bbox 1336 1049 1514 1099; x_wconf 89' lang='lat' dir='ltr'>abreptus</span> <span class='ocrx_word' id='word_1_140' title='bbox 1551 1052 1589 1089; x_wconf 91' lang='lat' dir='ltr'>et</span> <span class='ocrx_word' id='word_1_141' title='bbox 1625 1061 1782 1098; x_wconf 91' lang='lat' dir='ltr'>regnum</span> <span class='ocrx_word' id='word_1_142' title='bbox 1815 1050 1886 1088; x_wconf 91' lang='lat' dir='ltr'>sibi</span> <span class='ocrx_word' id='word_1_143' title='bbox 1925 1051 2130 1102; x_wconf 80' lang='lat' dir='ltr'>quaesierit</span> <span class='ocrx_word' id='word_1_144' title='bbox 2163 1053 2203 1089; x_wconf 88' lang='lat' dir='ltr'>ct</span> 
     </span>
     <span class='ocr_line' id='line_1_14' title="bbox 236 1115 616 1155; baseline -0.011 -1"><span class='ocrx_word' id='word_1_145' title='bbox 236 1118 392 1155; x_wconf 85' lang='lat' dir='ltr'>mortem</span> <span class='ocrx_word' id='word_1_146' title='bbox 418 1115 616 1152; x_wconf 80' lang='lat' dir='ltr'>invenerit.</span> 
     </span>
    </p>

    <p class='ocr_par' dir='ltr' id='par_1_4' title="bbox 237 1176 2200 1481">
     <span class='ocr_line' id='line_1_15' title="bbox 374 1176 2197 1227; baseline 0.001 -13"><span class='ocrx_word' id='word_1_147' title='bbox 374 1178 482 1214; x_wconf 88' lang='lat' dir='ltr'>Bello</span> <span class='ocrx_word' id='word_1_148' title='bbox 505 1178 571 1214; x_wconf 91' lang='lat' dir='ltr'>illo</span> <span class='ocrx_word' id='word_1_149' title='bbox 586 1177 775 1214; x_wconf 87' lang='lat' dir='ltr'>Arminius</span> <span class='ocrx_word' id='word_1_150' title='bbox 801 1187 872 1212; x_wconf 91' lang='lat' dir='ltr'>nec</span> <span class='ocrx_word' id='word_1_151' title='bbox 902 1176 1061 1212; x_wconf 81' lang='lat' dir='ltr'>vincitur</span> <span class='ocrx_word' id='word_1_152' title='bbox 1084 1188 1154 1213; x_wconf 89' lang='lat' dir='ltr'>nec</span> <span class='ocrx_word' id='word_1_153' title='bbox 1182 1176 1313 1213; x_wconf 83' lang='lat' dir='ltr'>vincit.</span> <span class='ocrx_word' id='word_1_154' title='bbox 1367 1177 1446 1214; x_wconf 89' lang='lat' dir='ltr'>Sed</span> <span class='ocrx_word' id='word_1_155' title='bbox 1465 1189 1585 1227; x_wconf 87' lang='lat' dir='ltr'>aequo</span> <span class='ocrx_word' id='word_1_156' title='bbox 1604 1178 1728 1214; x_wconf 85' lang='lat' dir='ltr'>Marte</span> <span class='ocrx_word' id='word_1_157' title='bbox 1756 1189 1837 1215; x_wconf 86' lang='lat' dir='ltr'>cum</span> <span class='ocrx_word' id='word_1_158' title='bbox 1857 1179 2062 1216; x_wconf 87' lang='lat' dir='ltr'>discessum</span> <span class='ocrx_word' id='word_1_159' title='bbox 2079 1181 2197 1226; x_wconf 86' lang='lat' dir='ltr'>essct,</span> 
     </span>
     <span class='ocr_line' id='line_1_16' title="bbox 237 1235 2200 1290; baseline 0 -10"><span class='ocrx_word' id='word_1_160' title='bbox 237 1240 493 1281; x_wconf 74' lang='lat' dir='ltr'>Maroboduus</span> <span class='ocrx_word' id='word_1_161' title='bbox 521 1253 572 1279; x_wconf 88' lang='lat' dir='ltr'>ex</span> <span class='ocrx_word' id='word_1_162' title='bbox 598 1240 788 1289; x_wconf 89' lang='lat' dir='ltr'>inopinato</span> <span class='ocrx_word' id='word_1_163' title='bbox 816 1237 981 1277; x_wconf 84' lang='lat' dir='ltr'>recedit:</span> <span class='ocrx_word' id='word_1_164' title='bbox 1008 1235 1195 1275; x_wconf 84' lang='lat' dir='ltr'>Arminius</span> <span class='ocrx_word' id='word_1_165' title='bbox 1213 1237 1320 1286; x_wconf 82' lang='lat' dir='ltr'>sequi</span> <span class='ocrx_word' id='word_1_166' title='bbox 1338 1249 1410 1277; x_wconf 91' lang='lat' dir='ltr'>non</span> <span class='ocrx_word' id='word_1_167' title='bbox 1426 1239 1552 1279; x_wconf 84' lang='lat' dir='ltr'>audet.</span> <span class='ocrx_word' id='word_1_168' title='bbox 1604 1239 1689 1278; x_wconf 81' lang='lat' dir='ltr'>Non</span> <span class='ocrx_word' id='word_1_169' title='bbox 1709 1241 1827 1288; x_wconf 90' lang='lat' dir='ltr'>igitur</span> <span class='ocrx_word' id='word_1_170' title='bbox 1847 1253 1985 1288; x_wconf 87' lang='lat' dir='ltr'>magna</span> <span class='ocrx_word' id='word_1_171' title='bbox 2006 1245 2087 1281; x_wconf 86' lang='lat' dir='ltr'>erat</span> <span class='ocrx_word' id='word_1_172' title='bbox 2104 1241 2200 1290; x_wconf 92' lang='lat' dir='ltr'>glo-</span> 
     </span>
     <span class='ocr_line' id='line_1_17' title="bbox 238 1300 2200 1357; baseline 0.001 -15"><span class='ocrx_word' id='word_1_173' title='bbox 238 1304 309 1354; x_wconf 87' lang='lat' dir='ltr'>ria,</span> <span class='ocrx_word' id='word_1_174' title='bbox 338 1314 446 1355; x_wconf 87' lang='lat' dir='ltr'>quam</span> <span class='ocrx_word' id='word_1_175' title='bbox 465 1302 652 1341; x_wconf 85' lang='lat' dir='ltr'>Arminius</span> <span class='ocrx_word' id='word_1_176' title='bbox 668 1301 740 1340; x_wconf 91' lang='lat' dir='ltr'>sibi</span> <span class='ocrx_word' id='word_1_177' title='bbox 756 1301 918 1353; x_wconf 81' lang='lat' dir='ltr'>peperit.</span> <span class='ocrx_word' id='word_1_178' title='bbox 971 1300 1079 1353; x_wconf 83' lang='lat' dir='ltr'>Quod</span> <span class='ocrx_word' id='word_1_179' title='bbox 1099 1302 1220 1339; x_wconf 90' lang='lat' dir='ltr'>autem</span> <span class='ocrx_word' id='word_1_180' title='bbox 1242 1302 1377 1351; x_wconf 87' lang='lat' dir='ltr'>postea</span> <span class='ocrx_word' id='word_1_181' title='bbox 1406 1312 1564 1352; x_wconf 89' lang='lat' dir='ltr'>regnum</span> <span class='ocrx_word' id='word_1_182' title='bbox 1592 1302 1785 1342; x_wconf 75' lang='lat' dir='ltr'>affectavit</span> <span class='ocrx_word' id='word_1_183' title='bbox 1808 1303 1846 1342; x_wconf 91' lang='lat' dir='ltr'>in</span> <span class='ocrx_word' id='word_1_184' title='bbox 1873 1304 2038 1356; x_wconf 86' lang='lat' dir='ltr'>populo,</span> <span class='ocrx_word' id='word_1_185' title='bbox 2065 1304 2127 1357; x_wconf 90' lang='lat' dir='ltr'>qui</span> <span class='ocrx_word' id='word_1_186' title='bbox 2153 1315 2200 1344; x_wconf 86' lang='lat' dir='ltr'>nc</span> 
     </span>
     <span class='ocr_line' id='line_1_18' title="bbox 238 1364 2199 1418; baseline 0.001 -12"><span class='ocrx_word' id='word_1_187' title='bbox 238 1368 408 1407; x_wconf 79' lang='lat' dir='ltr'>cladibus</span> <span class='ocrx_word' id='word_1_188' title='bbox 440 1367 586 1418; x_wconf 85' lang='lat' dir='ltr'>quidem</span> <span class='ocrx_word' id='word_1_189' title='bbox 624 1369 681 1404; x_wconf 93' lang='lat' dir='ltr'>tot</span> <span class='ocrx_word' id='word_1_190' title='bbox 714 1366 902 1416; x_wconf 86' lang='lat' dir='ltr'>tantisque</span> <span class='ocrx_word' id='word_1_191' title='bbox 936 1366 1140 1403; x_wconf 91' lang='lat' dir='ltr'>commotus</span> <span class='ocrx_word' id='word_1_192' title='bbox 1176 1366 1279 1412; x_wconf 85' lang='lat' dir='ltr'>erat,</span> <span class='ocrx_word' id='word_1_193' title='bbox 1316 1367 1359 1403; x_wconf 92' lang='lat' dir='ltr'>ut</span> <span class='ocrx_word' id='word_1_194' title='bbox 1385 1364 1589 1404; x_wconf 84' lang='lat' dir='ltr'>Arminium</span> <span class='ocrx_word' id='word_1_195' title='bbox 1624 1378 1763 1404; x_wconf 88' lang='lat' dir='ltr'>summa</span> <span class='ocrx_word' id='word_1_196' title='bbox 1802 1369 1995 1416; x_wconf 73' lang='lat' dir='ltr'>potestate</span> <span class='ocrx_word' id='word_1_197' title='bbox 2025 1370 2199 1418; x_wconf 84' lang='lat' dir='ltr'>exueret,</span> 
     </span>
     <span class='ocr_line' id='line_1_19' title="bbox 238 1423 1873 1481; baseline -0.002 -11"><span class='ocrx_word' id='word_1_198' title='bbox 238 1444 330 1470; x_wconf 89' lang='lat' dir='ltr'>sane</span> <span class='ocrx_word' id='word_1_199' title='bbox 359 1432 609 1481; x_wconf 86' lang='lat' dir='ltr'>turpissimum</span> <span class='ocrx_word' id='word_1_200' title='bbox 637 1430 783 1468; x_wconf 82' lang='lat' dir='ltr'>facinus</span> <span class='ocrx_word' id='word_1_201' title='bbox 813 1429 1055 1467; x_wconf 90' lang='lat' dir='ltr'>iudicabimus</span> <span class='ocrx_word' id='word_1_202' title='bbox 1082 1431 1122 1466; x_wconf 91' lang='lat' dir='ltr'>et</span> <span class='ocrx_word' id='word_1_203' title='bbox 1145 1439 1238 1466; x_wconf 91' lang='lat' dir='ltr'>nece</span> <span class='ocrx_word' id='word_1_204' title='bbox 1266 1423 1320 1465; x_wconf 82' lang='lat' dir='ltr'>illi</span> <span class='ocrx_word' id='word_1_205' title='bbox 1346 1428 1454 1468; x_wconf 86' lang='lat' dir='ltr'>illata</span> <span class='ocrx_word' id='word_1_206' title='bbox 1481 1429 1550 1467; x_wconf 88' lang='lat' dir='ltr'>vix</span> <span class='ocrx_word' id='word_1_207' title='bbox 1575 1430 1668 1468; x_wconf 86' lang='lat' dir='ltr'>satis</span> <span class='ocrx_word' id='word_1_208' title='bbox 1696 1431 1873 1480; x_wconf 89' lang='lat' dir='ltr'>punitum.</span> 
     </span>
    </p>

    <p class='ocr_par' dir='ltr' id='par_1_5' title="bbox 236 1492 2250 2118">
     <span class='ocr_line' id='line_1_20' title="bbox 364 1492 2197 1546; baseline -0.001 -12"><span class='ocrx_word' id='word_1_209' title='bbox 364 1493 464 1534; x_wconf 82' lang='lat' dir='ltr'>Nihil</span> <span class='ocrx_word' id='word_1_210' title='bbox 496 1495 614 1544; x_wconf 86' lang='lat' dir='ltr'>igitur</span> <span class='ocrx_word' id='word_1_211' title='bbox 647 1495 684 1533; x_wconf 91' lang='lat' dir='ltr'>in</span> <span class='ocrx_word' id='word_1_212' title='bbox 719 1492 834 1532; x_wconf 87' lang='lat' dir='ltr'>rebus</span> <span class='ocrx_word' id='word_1_213' title='bbox 872 1493 919 1531; x_wconf 84' lang='lat' dir='ltr'>ab</span> <span class='ocrx_word' id='word_1_214' title='bbox 947 1492 1114 1532; x_wconf 85' lang='lat' dir='ltr'>Arminio</span> <span class='ocrx_word' id='word_1_215' title='bbox 1157 1492 1267 1530; x_wconf 86' lang='lat' dir='ltr'>etiam</span> <span class='ocrx_word' id='word_1_216' title='bbox 1304 1494 1461 1542; x_wconf 91' lang='lat' dir='ltr'>postero</span> <span class='ocrx_word' id='word_1_217' title='bbox 1500 1496 1666 1545; x_wconf 90' lang='lat' dir='ltr'>tempore</span> <span class='ocrx_word' id='word_1_218' title='bbox 1697 1507 1817 1546; x_wconf 90' lang='lat' dir='ltr'>usque</span> <span class='ocrx_word' id='word_1_219' title='bbox 1842 1494 1892 1534; x_wconf 87' lang='lat' dir='ltr'>ad</span> <span class='ocrx_word' id='word_1_220' title='bbox 1917 1506 2046 1534; x_wconf 87' lang='lat' dir='ltr'>necem</span> <span class='ocrx_word' id='word_1_221' title='bbox 2071 1494 2197 1543; x_wconf 88' lang='lat' dir='ltr'>gestis</span> 
     </span>
     <span class='ocr_line' id='line_1_21' title="bbox 238 1556 2250 1609; baseline -0.002 -10"><span class='ocrx_word' id='word_1_222' title='bbox 238 1561 467 1608; x_wconf 83' lang='lat' dir='ltr'>invenimus,</span> <span class='ocrx_word' id='word_1_223' title='bbox 503 1559 601 1609; x_wconf 86' lang='lat' dir='ltr'>quod</span> <span class='ocrx_word' id='word_1_224' title='bbox 636 1558 843 1608; x_wconf 86' lang='lat' dir='ltr'>praecipua</span> <span class='ocrx_word' id='word_1_225' title='bbox 871 1556 1028 1606; x_wconf 84' lang='lat' dir='ltr'>quadam</span> <span class='ocrx_word' id='word_1_226' title='bbox 1055 1556 1167 1594; x_wconf 84' lang='lat' dir='ltr'>laude</span> <span class='ocrx_word' id='word_1_227' title='bbox 1191 1556 1343 1604; x_wconf 91' lang='lat' dir='ltr'>dignum</span> <span class='ocrx_word' id='word_1_228' title='bbox 1370 1556 1584 1596; x_wconf 88' lang='lat' dir='ltr'>iudicemus.</span> <span class='ocrx_word' id='word_1_229' title='bbox 1638 1557 1880 1597; x_wconf 83' lang='lat' dir='ltr'>Nihilominus</span> <span class='ocrx_word' id='word_1_230' title='bbox 1904 1569 2041 1597; x_wconf 82' lang='lat' dir='ltr'>revera</span> <span class='ocrx_word' id='word_1_231' title='bbox 2067 1556 2198 1596; x_wconf 88' lang='lat' dir='ltr'>Armi-</span> <span class='ocrx_word' id='word_1_232' title='bbox 2246 1557 2250 1561; x_wconf 81' lang='grc'><em>“</em></span> 
     </span>
     <span class='ocr_line' id='line_1_22' title="bbox 237 1619 2197 1674; baseline -0.002 -12"><span class='ocrx_word' id='word_1_233' title='bbox 237 1625 320 1663; x_wconf 89' lang='lat' dir='ltr'>nius</span> <span class='ocrx_word' id='word_1_234' title='bbox 342 1624 549 1674; x_wconf 89' lang='lat' dir='ltr'>praecipua</span> <span class='ocrx_word' id='word_1_235' title='bbox 575 1622 639 1660; x_wconf 89' lang='lat' dir='ltr'>illa</span> <span class='ocrx_word' id='word_1_236' title='bbox 667 1621 778 1659; x_wconf 89' lang='lat' dir='ltr'>laude</span> <span class='ocrx_word' id='word_1_237' title='bbox 806 1622 891 1659; x_wconf 88' lang='lat' dir='ltr'>erat</span> <span class='ocrx_word' id='word_1_238' title='bbox 920 1619 1326 1669; x_wconf 83' lang='lat' dir='ltr'>dignissimus:.testis</span> <span class='ocrx_word' id='word_1_239' title='bbox 1353 1621 1414 1657; x_wconf 89' lang='lat' dir='ltr'>est</span> <span class='ocrx_word' id='word_1_240' title='bbox 1440 1621 1690 1669; x_wconf 86' lang='lat' dir='ltr'>gravissimus</span> <span class='ocrx_word' id='word_1_241' title='bbox 1716 1620 1874 1660; x_wconf 83' lang='lat' dir='ltr'>Tacitus</span> <span class='ocrx_word' id='word_1_242' title='bbox 1898 1622 2005 1673; x_wconf 84' lang='lat' dir='ltr'>ipse:</span> <span class='ocrx_word' id='word_1_243' title='bbox 2041 1621 2075 1659; x_wconf 92' lang='lat' dir='ltr'>is</span> <span class='ocrx_word' id='word_1_244' title='bbox 2102 1620 2197 1659; x_wconf 86' lang='lat' dir='ltr'>enim</span> 
     </span>
     <span class='ocr_line' id='line_1_23' title="bbox 237 1682 2195 1733; baseline -0.002 -7"><span class='ocrx_word' id='word_1_245' title='bbox 237 1688 353 1726; x_wconf 83' lang='lat' dir='ltr'>alacri</span> <span class='ocrx_word' id='word_1_246' title='bbox 380 1687 445 1725; x_wconf 93' lang='lat' dir='ltr'>illo</span> <span class='ocrx_word' id='word_1_247' title='bbox 476 1687 650 1725; x_wconf 86' lang='lat' dir='ltr'>veritatis</span> <span class='ocrx_word' id='word_1_248' title='bbox 673 1696 810 1723; x_wconf 72' lang='lat' dir='ltr'>sensu,</span> <span class='ocrx_word' id='word_1_249' title='bbox 850 1685 913 1733; x_wconf 92' lang='lat' dir='ltr'>qui</span> <span class='ocrx_word' id='word_1_250' title='bbox 942 1685 975 1721; x_wconf 90' lang='lat' dir='ltr'>si</span> <span class='ocrx_word' id='word_1_251' title='bbox 998 1695 1071 1722; x_wconf 92' lang='lat' dir='ltr'>non</span> <span class='ocrx_word' id='word_1_252' title='bbox 1100 1682 1276 1731; x_wconf 87' lang='lat' dir='ltr'>proprius</span> <span class='ocrx_word' id='word_1_253' title='bbox 1300 1684 1361 1721; x_wconf 90' lang='lat' dir='ltr'>est</span> <span class='ocrx_word' id='word_1_254' title='bbox 1391 1682 1536 1732; x_wconf 88' lang='lat' dir='ltr'>Taciti,</span> <span class='ocrx_word' id='word_1_255' title='bbox 1574 1687 1614 1723; x_wconf 89' lang='lat' dir='ltr'>at</span> <span class='ocrx_word' id='word_1_256' title='bbox 1640 1688 1742 1725; x_wconf 86' lang='lat' dir='ltr'>certe</span> <span class='ocrx_word' id='word_1_257' title='bbox 1770 1687 1806 1724; x_wconf 92' lang='lat' dir='ltr'>in</span> <span class='ocrx_word' id='word_1_258' title='bbox 1833 1685 1935 1724; x_wconf 89' lang='lat' dir='ltr'>nullo</span> <span class='ocrx_word' id='word_1_259' title='bbox 1960 1696 2082 1724; x_wconf 89' lang='lat' dir='ltr'>rerum</span> <span class='ocrx_word' id='word_1_260' title='bbox 2110 1685 2195 1724; x_wconf 85' lang='lat' dir='ltr'>Ro-</span> 
     </span>
     <span class='ocr_line' id='line_1_24' title="bbox 236 1744 2194 1800; baseline -0.002 -10"><span class='ocrx_word' id='word_1_261' title='bbox 236 1763 421 1790; x_wconf 88' lang='lat' dir='ltr'>manarum</span> <span class='ocrx_word' id='word_1_262' title='bbox 439 1751 624 1800; x_wconf 86' lang='lat' dir='ltr'>scriptore</span> <span class='ocrx_word' id='word_1_263' title='bbox 644 1751 717 1786; x_wconf 84' lang='lat' dir='ltr'>tam</span> <span class='ocrx_word' id='word_1_264' title='bbox 738 1748 897 1796; x_wconf 90' lang='lat' dir='ltr'>insignis</span> <span class='ocrx_word' id='word_1_265' title='bbox 914 1749 1093 1797; x_wconf 89' lang='lat' dir='ltr'>apparet,</span> <span class='ocrx_word' id='word_1_266' title='bbox 1116 1756 1248 1784; x_wconf 83' lang='lat' dir='ltr'>vanam</span> <span class='ocrx_word' id='word_1_267' title='bbox 1267 1744 1366 1783; x_wconf 88' lang='lat' dir='ltr'>illam</span> <span class='ocrx_word' id='word_1_268' title='bbox 1383 1746 1514 1796; x_wconf 83' lang='lat' dir='ltr'>iidem,</span> <span class='ocrx_word' id='word_1_269' title='bbox 1533 1759 1605 1799; x_wconf 89' lang='lat' dir='ltr'>qua</span> <span class='ocrx_word' id='word_1_270' title='bbox 1627 1750 1760 1789; x_wconf 90' lang='lat' dir='ltr'>ductus</span> <span class='ocrx_word' id='word_1_271' title='bbox 1779 1752 1820 1789; x_wconf 88' lang='lat' dir='ltr'>et</span> <span class='ocrx_word' id='word_1_272' title='bbox 1837 1749 2045 1789; x_wconf 86' lang='lat' dir='ltr'>Germanici</span> <span class='ocrx_word' id='word_1_273' title='bbox 2062 1748 2194 1787; x_wconf 83' lang='lat' dir='ltr'>laudes</span> 
     </span>
     <span class='ocr_line' id='line_1_25' title="bbox 238 1807 2192 1859; baseline -0.002 -7"><span class='ocrx_word' id='word_1_274' title='bbox 238 1816 273 1852; x_wconf 92' lang='lat' dir='ltr'>in</span> <span class='ocrx_word' id='word_1_275' title='bbox 307 1814 424 1852; x_wconf 86' lang='lat' dir='ltr'>maius</span> <span class='ocrx_word' id='word_1_276' title='bbox 456 1812 669 1851; x_wconf 87' lang='lat' dir='ltr'>celebrarat</span> <span class='ocrx_word' id='word_1_277' title='bbox 698 1812 738 1849; x_wconf 90' lang='lat' dir='ltr'>et</span> <span class='ocrx_word' id='word_1_278' title='bbox 763 1810 919 1848; x_wconf 78' lang='lat' dir='ltr'>ArmInii</span> <span class='ocrx_word' id='word_1_279' title='bbox 954 1810 1114 1857; x_wconf 83' lang='lat' dir='ltr'>gloriam</span> <span class='ocrx_word' id='word_1_280' title='bbox 1148 1807 1392 1846; x_wconf 82' lang='lat' dir='ltr'>vehementer</span> <span class='ocrx_word' id='word_1_281' title='bbox 1418 1810 1666 1859; x_wconf 86' lang='lat' dir='ltr'>imminuerat,</span> <span class='ocrx_word' id='word_1_282' title='bbox 1702 1811 1828 1851; x_wconf 89' lang='lat' dir='ltr'>subito</span> <span class='ocrx_word' id='word_1_283' title='bbox 1854 1812 1983 1851; x_wconf 80' lang='lat' dir='ltr'>abiIcit</span> <span class='ocrx_word' id='word_1_284' title='bbox 2008 1810 2192 1850; x_wconf 85' lang='lat' dir='ltr'>et&#39;hono·</span> 
     </span>
     <span class='ocr_line' id='line_1_26' title="bbox 238 1873 2194 1925; baseline -0.001 -10"><span class='ocrx_word' id='word_1_285' title='bbox 238 1878 542 1915; x_wconf 82' lang='lat' dir='ltr'>rilicentissimam</span> <span class='ocrx_word' id='word_1_286' title='bbox 569 1876 791 1913; x_wconf 90' lang='lat' dir='ltr'>sententiam</span> <span class='ocrx_word' id='word_1_287' title='bbox 816 1875 892 1911; x_wconf 76' lang='lat' dir='ltr'>fert</span> <span class='ocrx_word' id='word_1_288' title='bbox 916 1874 963 1911; x_wconf 91' lang='lat' dir='ltr'>de</span> <span class='ocrx_word' id='word_1_289' title='bbox 983 1873 1140 1911; x_wconf 83' lang='lat' dir='ltr'>Arminii</span> <span class='ocrx_word' id='word_1_290' title='bbox 1169 1875 1211 1910; x_wconf 87' lang='lat' dir='ltr'>et</span> <span class='ocrx_word' id='word_1_291' title='bbox 1234 1873 1387 1920; x_wconf 87' lang='lat' dir='ltr'>ingenio</span> <span class='ocrx_word' id='word_1_292' title='bbox 1415 1875 1454 1909; x_wconf 91' lang='lat' dir='ltr'>et</span> <span class='ocrx_word' id='word_1_293' title='bbox 1478 1874 1643 1923; x_wconf 80' lang='lat' dir='ltr'>virtute,</span> <span class='ocrx_word' id='word_1_294' title='bbox 1668 1877 1721 1913; x_wconf 90' lang='lat' dir='ltr'>ita</span> <span class='ocrx_word' id='word_1_295' title='bbox 1746 1878 1787 1913; x_wconf 91' lang='lat' dir='ltr'>ut</span> <span class='ocrx_word' id='word_1_296' title='bbox 1814 1887 2059 1925; x_wconf 88' lang='lat' dir='ltr'>quaecunque</span> <span class='ocrx_word' id='word_1_297' title='bbox 2082 1878 2194 1913; x_wconf 87' lang='lat' dir='ltr'>antea</span> 
     </span>
     <span class='ocr_line' id='line_1_27' title="bbox 240 1934 2192 1991; baseline -0.003 -11"><span class='ocrx_word' id='word_1_298' title='bbox 240 1941 287 1979; x_wconf 92' lang='lat' dir='ltr'>de</span> <span class='ocrx_word' id='word_1_299' title='bbox 312 1940 544 1991; x_wconf 89' lang='lat' dir='ltr'>proditione,</span> <span class='ocrx_word' id='word_1_300' title='bbox 586 1938 632 1977; x_wconf 89' lang='lat' dir='ltr'>de</span> <span class='ocrx_word' id='word_1_301' title='bbox 660 1937 936 1984; x_wconf 86' lang='lat' dir='ltr'>ostentatione,</span> <span class='ocrx_word' id='word_1_302' title='bbox 965 1937 1011 1975; x_wconf 91' lang='lat' dir='ltr'>de</span> <span class='ocrx_word' id='word_1_303' title='bbox 1039 1935 1253 1975; x_wconf 86' lang='lat' dir='ltr'>temeritate</span> <span class='ocrx_word' id='word_1_304' title='bbox 1280 1934 1523 1986; x_wconf 87' lang='lat' dir='ltr'>cladibusque</span> <span class='ocrx_word' id='word_1_305' title='bbox 1545 1937 1699 1977; x_wconf 90' lang='lat' dir='ltr'>Arminii</span> <span class='ocrx_word' id='word_1_306' title='bbox 1725 1938 1951 1987; x_wconf 88' lang='lat' dir='ltr'>tradiderat,</span> <span class='ocrx_word' id='word_1_307' title='bbox 1988 1936 2100 1988; x_wconf 88' lang='lat' dir='ltr'>plane</span> <span class='ocrx_word' id='word_1_308' title='bbox 2126 1937 2192 1976; x_wconf 90' lang='lat' dir='ltr'>de-</span> 
     </span>
     <span class='ocr_line' id='line_1_28' title="bbox 240 1998 2192 2054; baseline -0.002 -13"><span class='ocrx_word' id='word_1_309' title='bbox 240 2003 319 2041; x_wconf 87' lang='lat' dir='ltr'>lere</span> <span class='ocrx_word' id='word_1_310' title='bbox 346 2003 515 2041; x_wconf 81' lang='lat' dir='ltr'>voluisse</span> <span class='ocrx_word' id='word_1_311' title='bbox 545 2001 742 2040; x_wconf 82' lang='lat' dir='ltr'>videatur:</span> <span class='ocrx_word' id='word_1_312' title='bbox 781 2000 928 2039; x_wconf 89' lang='lat' dir='ltr'>illustre</span> <span class='ocrx_word' id='word_1_313' title='bbox 955 2000 1126 2050; x_wconf 79' lang='lat' dir='ltr'>profecto</span> <span class='ocrx_word' id='word_1_314' title='bbox 1150 1998 1315 2037; x_wconf 88' lang='lat' dir='ltr'>iustitiae</span> <span class='ocrx_word' id='word_1_315' title='bbox 1341 1998 1572 2051; x_wconf 85' lang='lat' dir='ltr'>exemplum,</span> <span class='ocrx_word' id='word_1_316' title='bbox 1600 2012 1672 2054; x_wconf 87' lang='lat' dir='ltr'>qno</span> <span class='ocrx_word' id='word_1_317' title='bbox 1702 2000 1860 2041; x_wconf 88' lang='lat' dir='ltr'>Tacitus</span> <span class='ocrx_word' id='word_1_318' title='bbox 1889 2013 1993 2042; x_wconf 87' lang='lat' dir='ltr'>suam</span> <span class='ocrx_word' id='word_1_319' title='bbox 2020 2011 2092 2040; x_wconf 91' lang='lat' dir='ltr'>non</span> <span class='ocrx_word' id='word_1_320' title='bbox 2122 2000 2192 2039; x_wconf 89' lang='lat' dir='ltr'>mi-</span> 
     </span>
     <span class='ocr_line' id='line_1_29' title="bbox 237 2063 1540 2118; baseline -0.002 -13"><span class='ocrx_word' id='word_1_321' title='bbox 237 2078 308 2105; x_wconf 89' lang='lat' dir='ltr'>nus</span> <span class='ocrx_word' id='word_1_322' title='bbox 338 2078 443 2118; x_wconf 90' lang='lat' dir='ltr'>quam</span> <span class='ocrx_word' id='word_1_323' title='bbox 472 2065 625 2104; x_wconf 84' lang='lat' dir='ltr'>Arminii</span> <span class='ocrx_word' id='word_1_324' title='bbox 650 2063 809 2112; x_wconf 81' lang='lat' dir='ltr'>gloriam</span> <span class='ocrx_word' id='word_1_325' title='bbox 840 2075 969 2114; x_wconf 86' lang='lat' dir='ltr'>puram</span> <span class='ocrx_word' id='word_1_326' title='bbox 995 2064 1255 2112; x_wconf 81' lang='lat' dir='ltr'>integramque</span> <span class='ocrx_word' id='word_1_327' title='bbox 1285 2064 1540 2103; x_wconf 79' lang='lat' dir='ltr'>conservavit.</span> 
     </span>
    </p>
   </div>
   <div class='ocr_carea' id='block_1_2' title="bbox 988 2282 1335 2295">
    <p class='ocr_par' dir='ltr' id='par_1_6' title="bbox 988 2282 1335 2295">
     <span class='ocr_line' id='line_1_30' title="bbox 988 2282 1335 2295; baseline -0.006 -2"><span class='ocrx_word' id='word_1_328' title='bbox 988 2288 1044 2293; x_wconf 43' lang='lat' dir='ltr'>vv«</span> <span class='ocrx_word' id='word_1_329' title='bbox 1074 2282 1335 2295; x_wconf 79' lang='lat'>-——-—</span> 
     </span>
    </p>
   </div>
   <div class='ocr_carea' id='block_1_3' title="bbox 1977 2682 2187 2734">
    <p class='ocr_par' dir='ltr' id='par_1_7' title="bbox 1977 2682 2187 2734">
     <span class='ocr_line' id='line_1_31' title="bbox 1977 2682 2187 2734; baseline -0.014 -13"><span class='ocrx_word' id='word_1_330' title='bbox 1977 2683 2008 2721; x_wconf 86' lang='lat'>1.</span> <span class='ocrx_word' id='word_1_331' title='bbox 2055 2682 2187 2734; x_wconf 55' lang='lat' dir='ltr'>Zelyn</span> 
     </span>
    </p>
   </div>
   <div class='ocr_carea' id='block_1_4' title="bbox 2423 0 2452 3287">
    <p class='ocr_par' dir='ltr' id='par_1_8' title="bbox 2423 0 2452 3287">
     <span class='ocr_line' id='line_1_32' title="bbox 2423 0 2452 3287; baseline 0 0"><span class='ocrx_word' id='word_1_332' title='bbox 2423 0 2452 3287; x_wconf 95' lang='lat' dir='ltr'> </span> 
     </span>
    </p>
   </div>
  </div>
 </body>
</html>
