2452 3445
1046 128 1412 171 —3—

248 261 270 288 e
298 248 515 299 legionibus
541 259 621 287 cum
649 259 722 286 sex
748 249 788 285 et
814 245 955 294 viginti
981 244 1199 285 cohortibus
1225 247 1410 286 sociorum
1435 249 1475 285 et
1501 250 1587 285 octo
1621 248 1783 297 equitum
1813 249 1899 292 alis)
1926 260 1994 298 per
2016 250 2098 290 loca
2124 254 2194 292 im-

242 313 371 362 pedita
408 312 502 350 clam
530 312 830 362 appropinquent
852 311 893 348 et
919 308 1043 349 subito
1071 311 1280 361 opprimant
1305 321 1379 349 non
1406 310 1578 360 singulas
1604 310 1754 361 domos,
1787 323 1860 349 non
1879 312 2052 360 singulos
2075 316 2196 367 vicos,

240 374 362 413 silvae
397 375 611 425 proximos,
647 374 717 412 sed
752 373 799 411 ab
838 371 922 410 aliis
949 372 996 411 ad
1024 372 1120 411 alios
1157 374 1248 412 miro
1281 374 1348 412 illo
1386 374 1536 413 silentio
1571 376 1772 424 progressi
1808 377 1841 412 si
1871 387 1943 413 non
1975 389 2123 428 omneS,
2158 386 2196 419 at

240 440 344 476 certe
389 438 522 476 multos
568 438 676 476 vicos
707 435 869 474 nationis
905 435 953 474 ad
989 448 1095 475 omne
1134 436 1269 475 bellam
1304 448 1455 488 semper
1487 440 1685 488 promptae
1722 437 1974 490 parataeque,
2019 452 2127 491 quam
2158 444 2194 481 in

238 502 403 539 omnibus
431 503 526 541 vicis
559 502 714 538 stratam
744 500 937 539 inveniunt
963 512 1036 551 per
1062 500 1198 541 cubilia
1221 503 1454 552 propterque
1473 512 1642 539 mensas:
1672 512 1752 538 nam
1772 504 1958 551 „ventum
1979 504 2027 542 ad
2054 507 2194 546 vicos

239 565 450 603 Marsorum
486 567 525 602 et
553 562 804 601 circumdatae
832 564 1039 613 stationes,
1073 566 1250 603 stratis
1290 566 1534 603 etiamtum
1571 576 1652 613 per
1680 564 1867 603 cubilia
1898 570 2194 621 propterque

241 639 428 666 mensas
455 626 556 665 nullo
586 629 708 673 metu,
738 637 811 663 non
837 628 1061 677 antepositis
1088 627 1234 675 vigiliis
1247 627 1272 649 “
1300 626 1440 665 Annal.
1466 627 1494 665 Ι.
1528 626 1581 665 50
1612 629 1711 664 extr.

362 699 508 738 Deinde
548 700 647 749 quod
680 699 920 738 Germanicus
968 699 1241 750 quinquaginta
1283 700 1417 738 milium
1452 700 1614 749 spatium
1657 701 1756 737 ferro
1794 702 1949 750 ignique
1982 708 2193 755 per-vastat,

237 763 327 801 nulli
354 766 418 801 aut
445 763 555 799 sexui
583 764 649 800 aut
671 764 786 801 aetati
815 763 957 812 parcit,
1000 765 1159 812 profana
1182 775 1292 801 sacra
1318 764 1473 810 miscet,
1512 775 1585 800 non
1612 764 1738 800 mirum
1767 776 1886 814 neque
1914 766 2008 803 enim
2035 767 2191 808 alienum

235 831 297 866 est
322 839 344 865 a
366 827 613 864 Romanorum
637 837 757 863 more:
797 828 836 863 at
864 825 990 863 mirum
1017 827 1212 876 profecto,
1245 827 1346 878 quod
1382 827 1523 875 „sine
1557 826 1762 864 vulnere
1792 827 2093 880 nuilites“*)‚
2131 835 2190 883 qui

234 892 490 939 semisomnos,
518 891 676 927 inermes
695 891 759 927 aut
777 889 951 939 palantes
970 889 1232 929 ceciderant.“
1284 889 1391 938 Ergo
1412 890 1540 927 eadem
1559 890 1624 928 illa
1643 891 1753 927 nocte
1774 890 1956 929 sideribus
1975 893 2111 933 illustri
2128 898 2191 935 via

234 956 372 993 munita
402 957 462 993 est
497 965 568 1003 per
600 954 785 992 obstantia
821 953 1025 1002 silvarum,
1065 952 1193 991 eadem
1223 952 1374 991 barbari
1409 954 1498 991 vino
1535 964 1740 1004 somnoque
1777 966 1923 1001 graves
1950 960 2125 1006 oppressi
2153 966 2192 1000 et

235 1018 337 1057 caesi
374 1029 446 1055 non
479 1017 597 1055 solum
634 1018 671 1055 in
697 1018 783 1056 vico
811 1017 1005 1067 proximo,
1044 1017 1112 1054 sed
1139 1027 1210 1065 per
1237 1017 1396 1065 spatium
1424 1016 1697 1066 quinquaginta
1727 1017 1885 1066 milium,
1922 1021 2048 1058 eadem
2078 1026 2189 1062 noete

233 1083 335 1119 ferro
363 1082 518 1132 ignique
539 1082 693 1131 profana
722 1093 831 1120 saera
858 1082 1034 1127 vastata,
1066 1079 1218 1127 eadem,
1245 1080 1402 1128 inquam,
1430 1083 1564 1129 nocte,
1591 1091 1672 1118 nam
1702 1082 2087 1129 „semisomnos“
2118 1098 2188 1125 ce-

235 1145 403 1183 ciderant
436 1145 643 1182 inermes
668 1147 732 1183 aut
761 1143 949 1194 palantes.
1016 1142 1079 1180 An
1114 1142 1214 1180 forte
1245 1152 1315 1191 per
1342 1141 1555 1191 complures
1584 1143 1665 1181 dies
1691 1143 1842 1181 Marsos
1872 1148 2187 1189 semisomnos

235 1209 540 1257 inermesque
576 1207 756 1244 mansisse
795 1201 1029 1244 credideris?
1095 1205 1145 1241 Et
1179 1206 1301 1241 tamen
1334 1204 1544 1253 complures
1576 1206 1656 1243 dies
1680 1208 1716 1243 in
1743 1210 1845 1245 terra
1869 1211 1979 1247 nocte
2004 1211 2067 1250 illa
2093 1226 2185 1262 pcr—

233 1272 385 1310 vastata
415 1271 545 1308 morati
575 1281 661 1307 esse
689 1271 862 1307 videntur
888 1267 1065 1306 Romani:
1102 1277 1183 1303 nam
1214 1267 1407 1314 „exciti
1434 1278 1495 1304 ex
1522 1268 1673 1307 caede
1700 1270 1949 1321 Bructeri,
1990 1273 2185 1314 Tuban-

233 1338 327 1382 tes,
355 1334 773 1382 Usipetes“—non
801 1333 941 1380 Marsi,
964 1333 1007 1369 ut
1034 1329 1098 1381 qui
1121 1329 1236 1367 deleti
1264 1333 1459 1368 essent—
1476 1335 1760 1380 congregantur
1787 1334 2014 1386 insidiasque
2041 1341 2187 1379 struunt

234 1397 410 1435 Romanis
440 1407 507 1445 per
533 1395 652 1434 saltus
678 1395 868 1433 redituris.
929 1394 1037 1442 Ergo
1061 1395 1285 1442 pervastata
1310 1395 1437 1442 terra,
1474 1395 1641 1432 omnibus
1670 1398 1751 1433 sine
1779 1397 1854 1434 ulla
1880 1409 1998 1436 sexus
2022 1405 2185 1441 aetatis-

232 1471 305 1511 que
339 1459 576 1498 miseratione
604 1459 820 1509 trucidatis,
865 1458 1003 1496 tamdiu
1033 1458 1220 1494 morantur
1247 1456 1423 1506 Romani,
1463 1460 1505 1495 ut
1532 1458 1723 1507 Bructeri,
1762 1458 1978 1511 Tubantes,
2004 1463 2186 1515 ,Usipetes

232 1524 461 1572 congregari
497 1526 537 1561 et
572 1524 779 1561 exercitum
814 1522 997 1560 exercitui
1024 1532 1228 1570 ¹opponere
1263 1521 1422 1570 possint.
1485 1520 1661 1561 Ceterum
1694 1521 1819 1560 mirum
1855 1525 2048 1578 profecto,
2086 1530 2183 1580 quod

232 1589 292 1637 qui
321 1588 470 1636 penitus
497 1586 617 1624 excisi
646 1586 822 1624 videntur
847 1585 968 1625 Marsi
988 1585 1059 1624 iam
1087 1585 1243 1634 postero
1270 1594 1364 1622 anno
1392 1583 1613 1622 validissimi
1640 1588 1837 1636 apparent.

355 1649 436 1690 Ncc
464 1649 581 1688 minus
611 1649 702 1687 mira
736 1651 797 1688 est
824 1660 870 1688 ea
898 1649 1015 1699 ratio,
1045 1660 1119 1699 qua
1146 1659 1198 1685 ex
1225 1648 1384 1685 saltibus
1407 1647 1482 1684 illis
1509 1650 1682 1686 evasisse
1707 1650 1877 1688 dicuntur
1903 1651 2072 1691 Romani.

354 1723 427 1772 Qui
464 1724 605 1761 fuerint
634 1723 754 1761 saltus
781 1722 942 1761 Tacitus
977 1733 1049 1760 non
1087 1722 1212 1759 docet.
1274 1721 1373 1758 Tres
1404 1720 1666 1771 Germanicus,
1703 1723 1918 1774 priusquam
1953 1723 2000 1763 ad
2033 1724 2184 1767 Marsos

230 1787 492 1837 pervenisset,
527 1786 648 1824 silvas
676 1787 835 1826 scidisse
859 1787 925 1825 vel
945 1795 1181 1837 peragrasse
1208 1783 1379 1823 videtur:
1417 1786 1569 1836 primum
1598 1787 1692 1825 enim
1719 1785 1891 1826 Caesiam
1916 1787 2050 1825 silvam
2075 1791 2182 1829 scin-

230 1851 302 1900 dit,
329 1849 461 1888 deinde
488 1850 609 1888 saltus
634 1850 816 1889 obscuros
842 1851 1035 1900 permeat:
1078 1850 1152 1886 tum
1179 1847 1319 1884 demum
1348 1847 1547 1887 Caecinam
1572 1850 1777 1900 praemittit
1800 1850 1848 1888 ad
1877 1852 2082 1891 amolienda
2109 1856 2182 1893 sil-

229 1925 360 1953 varum
397 1914 585 1952 obstantia
605 1914 706 1952 Anu.
733 1913 763 1952 1.
798 1913 887 1952 5o.:
922 1916 963 1952 at
1001 1924 1098 1964 quae
1135 1912 1359 1962 „obstantia
1390 1913 1568 1951 silvarum
1597 1913 1787 1963 dicuntur,
1827 1925 1916 1952 esse
1943 1918 2119 1965 poterant
2147 1919 2183 1957 in

230 1978 400 2016 obscuris
425 1978 499 2015 illis
529 1978 704 2016 saltibus.
756 1978 914 2028 Insuper
936 1988 1009 2016 non
1031 1978 1159 2015 narrat
1180 1975 1360 2025 Tacitus,
1394 1987 1478 2013 num
1505 1976 1633 2014 eadem
1661 1977 1726 2016 illa
1755 1978 1837 2027 via,
1867 1989 1911 2015 an
1938 1979 2116 2019 breviore
2144 1986 2183 2021 et

227 2041 342 2079 solita
359 2040 600 2080 Germanicus
619 2041 826 2080 exercitum
852 2040 1066 2080 reduxerilzz
1091 2039 1179 2078 nihil
1198 2039 1401 2089 significat,
1418 2040 1490 2077 nisi
1515 2066 1540 2088 ,‚
1552 2052 1577 2089 p
1589 2051 1638 2078 er
1654 2054 1673 2078 s
1685 2053 1707 2078 a
1720 2041 1732 2078 l
1745 2044 1821 2079 tus
1834 2041 1858 2064 “
1877 2055 2015 2091 agmen
2036 2045 2182 2085 ductum

226 2103 365 2143 Annal.
390 2102 422 2141 1.
451 2103 524 2153 50,
552 2102 591 2142 3.
655 2104 738 2157 Quo
769 2104 890 2142 verbo
929 2105 1002 2142 etsi
1030 2104 1167 2143 Caesia
1192 2104 1295 2141 silva
1333 2104 1402 2140 vix
1431 2103 1635 2150 significari
1660 2105 1833 2153 potuisse
1861 2106 2031 2157 videtur,
2062 2112 2182 2148 tamen

227 2168 457 2218 interpretes
496 2168 661 2206 nonnulli
701 2167 795 2207 hanc
831 2166 1079 2216 significatam
1115 2167 1274 2217 malunt,
1319 2165 1420 2218 quod
1458 2166 1613 2205 Tacitus
1645 2166 1833 2206 addiderit
1867 2170 2060 2220 „quietum
2097 2172 2182 2210 inde

228 2231 350 2272 item
412 2231 468 2269 At
498 2232 627 2270 stratis
661 2231 932 2281 trucidatisque
963 2229 1137 2270 hostilius
1172 2232 1333 2283 quietum
1366 2230 1440 2268 iter
1476 2232 1560 2268 erat
1584 2241 1657 2268 non
1686 2231 1805 2269 solum
1830 2243 1899 2282 per
1922 2237 2073 2284 aperta,
2112 2238 2183 2275 sed

291 2393 327 2433 ιι)
348 2390 515 2424 Licentius
544 2389 641 2423 etiam
666 2387 792 2424 Cacsar
810 2387 850 2427 B.
874 2386 913 2427 G.
936 2386 991 2423 lv.
1014 2391 1066 2427 15.
1100 2387 1246 2431 „Nostri
1269 2386 1311 2419 ad
1342 2396 1438 2419 unum
1470 2396 1582 2420 omues
1605 2389 1784 2421 incolumes
1808 2393 1981 2432 perpaucis
2003 2392 2186 2426 vulneratis

354 2450 394 2475 ex
421 2443 505 2474 tanti
526 2441 607 2474 belli
630 2442 768 2481 timore,
804 2451 875 2473 cum
905 2442 1047 2474 hostium
1071 2453 1225 2473 numerus
1247 2444 1391 2482 capitum
1420 2440 1627 2476 CCCCXXX
1648 2441 1770 2476 milium
1793 2441 1927 2486 suisset,
1958 2453 1994 2480 se
2017 2446 2052 2481 in
2075 2449 2187 2482 castra

356 2500 551 2539 receperunt
576 2495 617 2529 cs.
642 2506 670 2529 c.
699 2496 749 2531 14.
776 2497 810 2529 et
830 2496 882 2531 15.
906 2494 961 2537 in„
994 2493 1050 2530 ubi
1072 2497 1175 2531 totam
1198 2493 1269 2529 lere
1297 2495 1464 2528 nationem
1489 2495 1681 2527 exstinctam
1704 2503 1778 2527 esse
1801 2496 1911 2538 leges,
1934 2501 1967 2529 et
1986 2506 2015 2530 c.
2038 2504 2107 2538 12.‚
2131 2502 2187 2532 ubi

356 2547 479 2581 caesar
510 2548 667 2593 quinque>
685 2548 775 2579 milia
806 2549 951 2590 equitum
973 2547 1193 2581 Romanorum
1224 2549 1267 2581 ab
1292 2551 1491 2590 octingentis
1514 2550 1680 2592 equitibus
1701 2549 1790 2582 iuius
1813 2551 1957 2584 nationis
1984 2550 2059 2587 fusa
2082 2556 2115 2587 et
2136 2552 2187 2588 as-

365 2602 452 2634 flicta
475 2600 656 2634 confitetur.

1705 2653 1727 2694 1
1740 2654 1761 2674 α
