2452 3445
994 195 1361 239 -7—

197 323 415 362 Bructerum
448 329 578 368 regem
602 319 642 358 vi
674 320 714 358 et
738 317 849 358 armis
876 316 1075 358 induxerat
1099 319 1136 357 in
1163 327 1321 368 regnum
1349 318 1614 369 ostentatoque
1641 318 1741 358 bello
1759 320 2034 359 ferocissima-r
2049 331 2153 369 gen·

196 389 271 426 tem
297 386 443 422 terrore
469 379 752 434 perdomuerat,
783 393 806 418 a
836 384 992 432 senatu,
1027 385 1182 421 auctore
1207 382 1395 431 Traiano,
1430 382 1662 432 triumphalis
1695 385 1820 422 statua
1850 384 2006 423 decreta
2032 384 2084 423 sit
2107 385 2161 423 ei.

195 450 291 488 Plin.
308 448 434 498 Epist.
453 446 503 497 Π,
524 448 550 487 7
562 446 619 499 *).
673 446 849 487 Ceterum
869 445 1041 497 Marsos,
1072 458 1167 498 quos
1182 445 1323 486 Strabo
1342 443 1427 496 Vll,
1456 458 1491 486 c.
1522 443 1560 486 1.
1591 444 1634 499 3.
1659 443 1698 486 3.
1724 445 1760 484 in
1788 446 1850 486 ed.
1866 446 2048 489 Siebenk.
2066 457 2159 486 nar-

195 515 256 552 rat
281 513 316 550 in
343 511 542 550 interiores
569 510 788 550 Germaniae
813 511 964 560 partes,
988 510 1044 557 εἷς
1068 507 1138 559 τήν
1163 508 1204 550 ἓν
1230 507 1349 560 βάθει
1363 507 1516 561 χώραν,
1542 510 1778 561 secessisse,
1800 510 1957 552 Tacitus
1974 511 2159 561 neglecto

193 576 265 615 hoc
300 575 532 624 testimonio,
563 574 670 625 quasi
696 572 906 612 exstinctos
932 574 1154 625 crediderit,
1179 575 1215 612 in
1243 574 1510 624 „Germania“
1536 585 1605 613 sua
1627 574 1779 612 silentio
1807 577 2086 624 praetermittit·

319 658 466 698 Deinde
496 657 529 695 si
557 656 683 696 Taciti
713 654 833 695 verba
860 654 961 694 Anu.
986 654 1017 706 1,
1048 655 1117 697 56.
1144 659 1247 696 extr.

319 742 531 793 „Fuerat
562 739 826 781 Cheruscis
863 740 1046 779 animus
1079 742 1257 779 iuvare
1287 738 1522 779 Chattos:
1558 740 1645 777 sed
1669 743 1919 781 exterruit
1944 739 2154 780 Caecina

190 805 276 844 huc
305 806 432 843 illue
458 805 622 842 ferens
652 816 795 842 arma:
830 806 872 843 et
909 804 1210 852 Marsos,
1249 802 1598 856 congredi
1633 815 1874 855 ausos,
1907 815 2151 855 prospero

191 869 387 919 proelio
415 866 683 906 cohibuit.“

191 944 297 981 recte
336 941 390 979 ita
423 940 731 990 interpretamur,
771 940 813 978 ut
848 940 890 977 et
911 937 1094 979 Cherusci
1121 940 1162 978 et
1183 938 1304 978 Marsi
1331 939 1379 977 de
1406 938 1514 977 clade
1544 937 1694 978 Chattis
1719 940 1826 978 illata
1849 941 2033 979 certiores
2062 941 2153 978 iacti

192 1005 396 1046 subvenire
427 1004 597 1043 voluisse
627 1003 817 1041 dicantur:
843 1003 1062 1040 admiramur
1090 1003 1342 1051 celeritatem,
1372 1014 1446 1052 qua
1474 1013 1548 1040 non
1576 1003 1696 1041 solum
1716 1003 1919 1052 Cherusci,
1946 1004 2016 1042 sed
2043 1003 2153 1042 etiam

191 1070 311 1109 Marsi
344 1070 380 1107 in
412 1067 672 1107 remotioribus
711 1066 865 1105 sedibus
902 1067 981 1104 suis
1019 1066 1066 1104 de
1096 1066 1305 1106 discrimine
1334 1065 1553 1106 Chattorum
1591 1067 1796 1107 edocentur
1831 1069 1872 1108 et
1891 1078 1990 1106 arma
2016 1068 2153 1119 parant

190 1146 261 1186 per
301 1144 429 1173 omnes
463 1142 589 1184 pagos
624 1131 663 1170 et
694 1131 894 1181 progressi
931 1142 1011 1170 cum
1042 1129 1205 1171 CaecIna
1234 1130 1453 1179 confligunt.
1518 1130 1612 1169 Nam
1640 1130 1881 1170 Germanicus
1907 1143 1988 1169 cum
2014 1132 2151 1182 raptim

190 1199 409 1249 expeditum
454 1196 658 1235 exercitum
701 1194 750 1231 ad
783 1194 973 1233 Adranam
1017 1195 1192 1234 duxisset
1217 1196 1390 1246 adeoque
1424 1195 1651 1245 improvisus
1677 1195 1919 1245 advenisset,
1951 1199 2014 1245 ut,
2046 1196 2147 1248 quod

190 1262 409 1301 imbecillum
436 1263 562 1300 aetate
586 1271 630 1299 ac
657 1269 755 1296 sexu
780 1260 942 1298 statim
971 1261 1036 1298 aut
1062 1258 1266 1299 trucidaret
1294 1261 1360 1299 aut
1386 1261 1565 1310 caperet,
1603 1261 1664 1309 et,
1704 1259 1899 1299 iuventute
1925 1259 2143 1300 Chattorum

190 1327 382 1364 tormentis
405 1325 634 1374 sagittisque
663 1323 700 1359 in
727 1322 849 1361 silvas
874 1323 986 1361 facile
1012 1323 1189 1372 repulsa,
1216 1323 1327 1361 nullis
1355 1323 1625 1372 impedimentis
1647 1321 1857 1372 prohibitus
1880 1328 2008 1374 esset,
2034 1328 2149 1375 ponte
2177 1365 2180 1368 ,

188 1392 312 1428 iuncto
338 1389 526 1427 Adranam
550 1386 730 1434 transire,
756 1384 928 1425 Mattium
955 1385 1178 1436 incendere,
1204 1388 1338 1437 aperta
1368 1386 1604 1437 populari—
1620 1397 1693 1425 non
1718 1387 1771 1425 ita
1800 1386 1861 1425 diu
1886 1388 1935 1426 ad
1960 1388 2149 1428 Adranam

190 1455 354 1492 moratus
383 1453 457 1491 iter
487 1451 535 1488 ad
559 1448 729 1488 Rhenum
755 1449 927 1487 vertisse.
949 1449 1112 1487 videtur.
1174 1449 1318 1488 Tamen
1344 1450 1463 1488 Marsi
1488 1451 1559 1489 iam
1590 1449 1837 1488 conflixerant
1861 1463 1941 1490 cum
1971 1452 2149 1500 Caecina,

187 1518 397 1567 priusquam
422 1514 663 1553 Germanicus
690 1513 727 1550 in
751 1512 874 1551 reditu
900 1524 1038 1561 agmen
1064 1513 1247 1551 vertisset
1271 1512 1321 1550 ad
1346 1513 1553 1562 Segestem
1580 1512 1826 1553 liberandum:
1862 1526 1944 1554 nam
1974 1515 2098 1565 legati
2122 1528 2146 1555 a

187 1581 358 1628 Segeste
385 1590 458 1616 non
482 1577 597 1616 multo
626 1577 718 1627 post
742 1586 907 1626 pugnam
936 1575 1034 1613 illam
1061 1576 1109 1614 ad
1128 1575 1382 1615 Germanicum
1409 1579 1605 1617 venerunt.
1633 1576 1695 1617 Cf.
1722 1576 1823 1616 Ann.
1853 1579 1884 1629 1,
1913 1578 1980 1620 56.
2001 1583 2080 1621 ext.
2108 1583 2148 1618 et

186 1643 252 1683 57.
278 1644 328 1680 in.

312 1717 369 1755 At
396 1717 556 1754 forsitan
584 1715 724 1753 dixerit
761 1714 967 1763 quispiam,
1006 1717 1053 1753 et·
1074 1714 1226 1753 Marsos
1259 1715 1316 1753 ira
1351 1714 1525 1753 incensos
1559 1714 1609 1753 ob
1643 1714 1785 1755 cladem
1821 1718 2014 1767 superiore
2049 1729 2146 1757 anno

184 1783 255 1821 sibi
292 1781 431 1821 illatam
473 1780 667 1831 promptos
708 1778 940 1828 paratosque
984 1778 1307 1831 appropinquante
1352 1778 1524 1817 exercitu
1559 1778 1732 1818 Romano
1763 1779 1799 1817 in
1835 1791 2000 1831 pugnam
2033 1782 2142 1834 quasi

185 1846 427 1898 prosiluisse,
446 1864 496 1871 --
516 1844 555 1881 et
581 1840 837 1881 Germanicum
872 1842 909 1878 in
943 1842 1166 1893 populandis
1198 1841 1342 1892 apertis
1371 1840 1590 1880 Chattorum
1619 1844 1761 1892 campis
1794 1843 2018 1894 aliquantu·
2045 1849 2146 1884 tem-

184 1911 287 1961 poris
314 1908 603 1958 consumpsisse.
656 1904 742 1943 Non
768 1917 846 1953 ego
873 1906 1029 1954 infitior,
1056 1905 1207 1944 Marsos
1234 1906 1448 1955 paratiores
1476 1909 1517 1946 et
1535 1906 1738 1946 alacriores
1757 1907 1875 1947 fuisse
1892 1909 1939 1948 ad
1957 1922 2145 1960 pugnam:

186 1976 227 2012 at
242 1974 345 2012 certe
357 1970 543 2011 Caecinae
562 1969 725 2008 uttanto
743 1968 913 2006 exercitu
932 1979 955 2006 a
971 1967 1104 2007 Tauno
1125 1980 1242 2020 usque
1262 1967 1310 2007 ad
1325 1969 1439 2007 sedes
1456 1971 1497 2008 et
1513 1968 1785 2009 Cheruscorum
1801 1973 1841 2010 et
1849 1971 2060 2011 Marsorum
2075 1984 2147 2024 per

182 2036 340 2077 hostiles
357 2037 480 2074 terras
496 2032 681 2084 impeditis
699 2030 892 2071 itineribus
907 2032 1224 2082 progrederetur,
1252 2031 1324 2070 huc
1342 2032 1430 2073 illuc
1446 2044 1548 2072 arma
1564 2035 1684 2073 ferret
1699 2034 1918 2087 proelioque
1936 2047 2017 2074 cum
2033 2036 2143 2075 Mar-

181 2102 234 2138 sis
255 2099 489 2149 confligeret,
511 2096 626 2135 multo
643 2096 781 2133 maiore
800 2096 980 2144 temporis
996 2096 1120 2145 spatio
1140 2108 1237 2146 opus
1253 2097 1372 2134 ruisse
1392 2096 1554 2147 videtur,
1574 2110 1681 2148 quam
1701 2098 1920 2138 Germanico
1941 2101 2022 2139 sine
2034 2113 2141 2139 mora

179 2163 324 2202 hostem
353 2160 606 2213 prosternenti
628 2161 668 2198 et
691 2158 907 2196 adiacentes
923 2158 1098 2197 Adranae
1126 2171 1279 2210 campos
1306 2159 1513 2209 populanti.
1567 2162 1675 2210 Quod
1694 2164 1789 2201 enim
1812 2164 1990 2203 universe
2008 2168 2141 2215 aperta

179 2227 385 2277 populatus
409 2236 496 2264 esse
518 2223 674 2262 dicitur:
713 2232 787 2259 non
814 2221 1130 2272 obliviscendum,
1167 2222 1384 2264 Chattorum
1412 2226 1547 2264 terram
1574 2225 1684 2264 silvis
1711 2226 1911 2265 maioribus
1934 2239 2041 2279 quam
2071 2240 2141 2267 ce-

179 2294 339 2330 terarum
366 2291 551 2329 nationum
577 2285 693 2324 sedes
721 2285 881 2324 obsitam
908 2286 1040 2323 fuisse.
1096 2285 1213 2326 Certe
1240 2287 1335 2327 Tac.
1365 2286 1491 2325 Germ.
1515 2286 1582 2326 30.
1616 2316 1642 2339 „
1653 2288 1805 2340 Chatti,
1831 2292 1970 2341 inquit,
2001 2292 2141 2330 initium

176 2353 278 2390 sedis
306 2352 353 2389 ab
383 2352 574 2401 Hercynio
610 2349 710 2386 saltu
737 2348 933 2398 inchoant,
970 2361 1044 2387 non
1071 2351 1123 2389 ita
1148 2351 1277 2388 ell'usis
1303 2363 1347 2390 ac
1376 2351 1610 2400 palustribus
1636 2354 1754 2403 locis,
1790 2358 1833 2393 ut
1861 2358 2010 2394 ceterae
2037 2357 2141 2395 civi-

176 2417 299 2463 tates,
324 2414 360 2451 in
391 2426 486 2463 quas
503 2412 906 2460 Germaniapatescit:
932 2412 1066 2451 durant
1084 2412 1263 2463 siquidem
1281 2413 1421 2464 colles,
1445 2414 1697 2468 paulatimque
1714 2420 1929 2457 rarescunt:
1956 2421 1996 2458 et
2015 2418 2139 2460 Chat·

178 2484 238 2520 tos
266 2491 355 2518 suos
384 2479 506 2518 saltus
532 2475 745 2527 Hercynius
769 2474 1008 2526 prosequitur
1031 2475 1138 2515 simul
1163 2478 1277 2529 atque
1305 2477 1512 2529 deponit.“

238 2638 274 2680 ⁴²)
296 2635 462 2722 ιίοεὲιιίιιιῗ
491 2635 589 2667 etiam
612 2632 738 2721 ῦαεῧαι·
759 2636 937 2720 “maetas
960 2633 1056 2668 modo
1081 2637 1233 2670 nationes
1258 2636 1359 2680 paulo
1382 2642 1457 2680 post
1481 2639 1514 2672 in
1536 2641 1636 2672 vitam
1660 2638 1785 2672 reducit
1804 2638 1893 2673 velut
1916 2637 2077 2679 Nervios‚
2102 2642 2143 2673 cs-

302 2689 340 2724 B.
394 2712 402 2720 .
460 2689 658 2729 ‚27.28-—
712 2688 797 2728 ‚42
841 2686 946 2728 ’,3.
