2452 3445
1008 124 1402 167 μη,-

242 254 336 290 inter
365 248 542 288 Amisiam
571 249 610 285 et
636 246 815 297 Luppiam
846 248 1000 297 patente
1024 259 1096 285 non
1124 259 1203 286 cum
1234 246 1453 286 Germanico
1483 247 1519 284 in
1542 246 1675 284 silvam
1700 246 2066 294 Teutoburgiensem
2091 263 2184 299 pro..

242 326 417 365 gressum
446 323 552 361 esse,
586 311 654 350 sed
680 310 906 350 remansisse
948 310 1171 349 arbitrantur
1199 310 1245 348 ad
1275 309 1468 349 Alisonem
1504 310 1697 349 castellum
1731 310 1999 349 restituendum
2031 312 2186 365 indeque

233 380 370 430 postea
402 374 521 428 [Ann.
552 375 590 426 1,
622 375 709 427 71.)
753 377 901 413 missum
937 385 1024 412 esse
1062 374 1110 412 ad
1147 374 1399 424 accipiendum
1426 375 1462 412 in
1489 375 1712 413 deditionem
1741 375 2000 425 Segimerum‚
2032 379 2184 415 fratrem

231 442 436 491 Segestis,
460 440 556 481 haud
583 439 693 478 dubie
721 438 796 477 illic
824 439 981 478 viciniae
1004 440 1232 478 versantem.
1287 437 1385 476 Nihil
1419 450 1518 487 ego,
1547 439 1645 488 quod
1670 438 1904 489 probabilius
1919 441 1986 490 sit,
2012 443 2183 491 proferre

231 517 405 557 possum:
440 506 479 542 at
515 516 566 542 ex
601 502 732 540 verbis
760 502 882 541 Taciti
916 504 994 541 erui
1022 514 1139 554 posse
1165 501 1263 539 illam
1290 502 1507 540 sententiam
1538 501 1677 539 diffido.
1740 502 1834 540 Nam
1863 513 1959 552 quae
1988 506 2103 543 verba
2132 506 2181 543 ad

231 570 276 606 L.
307 569 522 606 Stertinium
561 567 679 604 solum
712 568 944 615 referuntur,
983 568 1030 605 ad
1071 578 1210 605 omnem
1242 567 1446 604 exereitum
1475 564 1672 602 reserenda
1702 576 1789 602 esse
1819 565 2005 605 videntur.
2069 569 2183 607 Iidem

235 632 349 680 enim,
387 632 469 682 qui,
509 631 681 680 quantum
709 630 804 667 inter
829 629 1006 669 Amisiam
1035 631 1074 668 et
1103 628 1307 679 Luppiam‚
1344 627 1535 678 populati,
1563 626 1694 663 tinibus
1724 628 1845 665 saltus
1873 628 2182 679 Teutoburgien-

234 695 287 732 sis
324 694 685 744 appropinquarant,
718 694 753 729 in
780 693 879 730 illum
908 694 1042 732 saltum
1069 692 1361 742 progrediuntur
1389 691 1502 741 [Tae.
1531 691 1631 728 Ann.
1649 690 1686 738 1,
1713 690 1778 728 60.
1810 696 1909 730 extr.
1938 696 1978 731 et
2003 693 2070 731 61.
2100 696 2181 745 im).

231 758 410 795 Relictam
435 767 520 794 esse
549 758 692 805 partem
720 758 933 804 exercitus,
960 757 1029 794 nisi
1056 767 1108 792 ex
1134 754 1262 792 verbis

290 812 294 817 ’
803 820 976 869 „omni,
1009 818 1084 871 qui
1112 818 1304 867 aderat,
1332 817 1598 856 exercitu“

231 883 402 922 concludi
442 894 513 919 non
542 883 683 931 potest.
752 882 831 920 Nec
874 894 925 919 ex
960 894 1044 931 cap.
1083 881 1147 919 71.
1187 882 1349 919 eiusdem
1384 882 1468 918 libri
1504 884 1683 930 apparet,
1721 883 1937 920 Stertinium
1974 885 2044 922 iam
2073 889 2183 923 antea

230 947 397 985 relictum
430 946 546 982 fuisse
579 945 624 982 ad
655 946 847 983 castellum
874 945 1153 983 restituendum.

358 1011 529 1059 Denique
554 1010 613 1058 qui
642 1020 712 1047 non
739 1009 953 1058 Alisonem,
981 1010 1048 1048 sed
1075 1010 1173 1048 aliud
1202 1008 1383 1059 quoddam
1410 1006 1604 1046 castellum
1631 1007 1880 1056 significatum
1909 1015 2081 1061 censent,
2110 1024 2182 1051 non

240 1074 374 1113 tollunt
403 1072 677 1122 difficultatem,
714 1073 783 1110 sed
810 1074 1038 1111 transsernnt
1074 1074 1121 1111 ab
1149 1073 1306 1111 Alisone
1347 1071 1382 1108 in
1419 1070 1506 1107 illud
1543 1069 1758 1119 castellum,
1796 1073 1892 1122 quod
1923 1074 1993 1111 sibi
2019 1074 2182 1123 tingunt:

237 1138 354 1176 omnia
389 1137 481 1173 enim
518 1136 673 1174 castella
709 1140 862 1187 practer
897 1136 961 1174 illa
992 1147 1087 1187 quae
1118 1136 1163 1174 ad
1189 1135 1356 1173 Rhenum
1386 1133 1459 1169 sita
1488 1136 1613 1180 erant,
1650 1143 1789 1170 eversa
1813 1134 1908 1173 haud
1939 1137 2047 1174 dubie
2076 1143 2181 1177 erant

237 1214 257 1238 a
285 1201 477 1239 Germanis
495 1220 542 1226 -
573 1201 671 1237 nulla
699 1202 769 1237 nisi
799 1200 941 1247 Tauni,
970 1202 1143 1238 restituta
1172 1199 1425 1249 perhibentur.

357 1263 512 1301 Primum
549 1263 665 1310 igitur
705 1263 783 1300 iure
820 1262 1000 1300 dubitatio
1039 1263 1175 1302 iniecta
1214 1263 1259 1300 de
1298 1261 1455 1300 Alisone
1490 1257 1670 1296 castello:
1706 1258 1838 1296 deinde
1874 1262 1997 1299 mirum
2035 1264 2181 1303 videtur

233 1327 326 1363 viris
355 1326 498 1373 doctis,
527 1326 623 1375 quod
643 1326 903 1373 Germanicus,
932 1327 993 1374 qui
1025 1337 1097 1361 sex
1127 1326 1302 1372 legiones
1332 1324 1377 1360 ad
1410 1323 1541 1358 silvam
1562 1321 1953 1372 Teutoburgiensem,
1983 1337 2079 1372 ergo
2111 1340 2179 1365 non

234 1389 364 1440 procul
400 1401 421 1427 a
452 1388 609 1436 Visun-gi
648 1391 781 1439 atque,
821 1388 853 1426 si
886 1391 990 1427 reete
1021 1388 1067 1427 de
1096 1402 1225 1439 campo
1254 1388 1317 1427 illo
1343 1384 1568 1426 coniecerint
1591 1384 1839 1436 interpretes,
1879 1399 1949 1426 non
1978 1389 2106 1439 procul
2136 1391 2181 1430 ab

230 1452 432 1492 Idistaviso
471 1463 602 1501 campo
630 1451 823 1500 habuerit,
860 1450 1009 1488 easdem
1038 1453 1234 1490 reduxerit
1264 1452 1309 1490 ad
1338 1451 1564 1487 Batavorum
1596 1448 1772 1496 insulam,
1813 1453 1853 1486 ut
1876 1452 1995 1489 denuo
2022 1454 2181 1491 navibus

231 1518 423 1567 impositas
451 1515 497 1552 ad
514 1515 691 1552 Amisiam
718 1514 873 1564 indeque
902 1515 948 1551 ad
968 1515 1160 1563 Visurgim
1189 1515 1404 1553 adduceret.
1459 1512 1514 1549 At
1542 1512 1804 1559 Germanicus,
1835 1514 1866 1549 si
1893 1525 1933 1550 re
1962 1527 2051 1552 vera
2069 1517 2180 1554 Aliso

232 1580 426 1618 castellum
456 1580 575 1616 denuo
603 1581 833 1616 exstructum
863 1581 963 1628 erat,
1004 1579 1042 1615 id
1067 1580 1298 1629 potissimum
1327 1577 1458 1624 egisse
1487 1575 1658 1622 videtur,
1695 1577 1736 1611 ut
1764 1576 1982 1615 munimenta
2013 1579 2180 1618 Alisonis

229 1645 391 1681 firmaret
417 1642 597 1692 simulque
627 1642 744 1691 viam,
775 1653 869 1693 quae
899 1655 921 1681 a
946 1642 1076 1680 Rheno
1108 1642 1155 1680 ad
1183 1641 1374 1681 Alisonem
1392 1639 1576 1687 ducebat,
1604 1639 1780 1688 muniret,
1812 1641 2002 1691 tutiorem,
2030 1645 2061 1681 si
2085 1645 2179 1683 male

231 1707 424 1757 expeditio
458 1706 659 1753 cessisset,
697 1709 886 1755 receptum
924 1705 1129 1744 habiturus.
1193 1707 1396 1744 Praeterea
1434 1703 1497 1740 illa
1533 1703 1615 1752 ipsa
1645 1704 1782 1741 vicInia
1811 1705 1935 1742 silvae
1961 1706 2179 1745 Teutobur-

231 1772 374 1820 giensis
405 1770 604 1809 Arminium
641 1767 738 1806 haud
773 1770 979 1808 incenderit
1012 1770 1058 1807 ad
1095 1770 1245 1819 incepta
1273 1768 1490 1816 temeraria,
1527 1766 1595 1804 sed
1624 1767 1751 1816 potius
1783 1769 1983 1818 monuerit,
2018 1781 2063 1807 ne
2093 1772 2178 1821 quid

236 1837 374 1883 ageret
396 1835 466 1872 nisi
494 1833 654 1873 collecto
681 1834 775 1871 omni
806 1837 845 1873 et
873 1835 1042 1872 exercitu
1071 1836 1109 1871 et
1125 1836 1352 1882 commeatu,
1377 1832 1598 1883 praesertim
1623 1843 1702 1868 cum
1720 1832 1832 1870 facile
1849 1833 2017 1872 divinare
2034 1840 2180 1885 posset,

229 1898 362 1935 nullam
386 1897 421 1934 in
450 1900 639 1946 posterum
668 1897 738 1935 sibi
768 1898 983 1947 permissum
1013 1899 1057 1935 iri
1088 1909 1109 1935 a
1138 1896 1305 1936 Caesare
1333 1893 1623 1947 expeditionem.

354 1960 534 2011 Sequitur
570 1961 733 1998 narratio
770 1960 816 1998 de
844 1962 1111 2010 navigatione,
1149 1961 1185 1998 in
1213 1973 1285 2012 qua
1310 1961 1397 1998 nihil
1424 1960 1594 2008 offendit,
1635 1959 1705 1996 nisi
1734 1960 1831 2010 quod
1861 1972 1932 1998 non
1957 1962 2068 2001 docet
2096 1964 2177 2002 Ta-

230 2026 346 2073 citus,
372 2036 435 2063 cur
452 2024 706 2063 Germanicum
732 2025 1013 2075 vituperandum
1040 2028 1215 2074 censeat,
1244 2025 1344 2076 quod
1374 2024 1436 2062 ille
1465 2036 1535 2062 non
1558 2023 1717 2060 navibus
1740 2026 2011 2073 transposuerit
2032 2028 2177 2075 milites,

230 2087 298 2123 sed
330 2087 365 2124 in
394 2088 565 2138 pontibus
594 2088 798 2126 efficiendis
826 2088 1034 2138 complures
1062 2089 1142 2126 dies
1172 2089 1458 2138 consumpserit.
1528 2088 1661 2137 Neque
1688 2088 1780 2124 enim
1811 2088 2051 2127 Germanicus
2078 2092 2111 2127 in
2136 2104 2175 2129 re

230 2154 300 2187 tam
329 2154 458 2200 aperta
489 2153 627 2189 tantum
657 2162 819 2188 errorem
846 2153 1073 2190 committere
1101 2154 1272 2201 poterat,
1301 2152 1521 2201 praesertim
1552 2162 1629 2187 eum
1661 2161 1754 2187 anno
1780 2154 1866 2188 ante
1893 2152 1928 2188 in
1957 2152 2082 2190 iisdem
2103 2155 2175 2191 illis

231 2215 449 2262 regionibus
487 2218 661 2253 versatus
698 2219 823 2263 esset,
867 2226 956 2264 nec,
994 2216 1027 2252 si
1055 2226 1193 2253 revera
1223 2218 1412 2263 errasset,
1453 2214 1601 2252 difficile
1632 2214 1786 2263 suisset,
1827 2215 1993 2253 damnum
2022 2219 2174 2267 sarcire,

230 2290 308 2315 cum
338 2289 456 2315 naves
485 2279 520 2316 in
549 2282 720 2329 promptu
748 2281 888 2316 essent.
951 2278 1092 2330 Quibus
1121 2278 1184 2315 ille
1215 2280 1361 2317 caussis
1384 2281 1589 2316 commotus
1618 2279 1688 2326 sit,
1717 2281 1758 2315 ut
1784 2279 1832 2316 ad
1860 2279 2006 2317 laevum
2035 2293 2173 2319 amnem

229 2352 300 2379 non
345 2342 475 2391 procul
516 2342 562 2379 ab
600 2343 696 2380 ostio
730 2342 897 2380 Amisiae
931 2353 1049 2379 naves
1084 2342 1315 2391 appelleret,
1364 2353 1414 2379 ex
1451 2343 1567 2379 i'orma
1603 2342 1747 2379 illarum
1785 2344 1977 2390 regionum
2015 2344 2174 2383 decursu

229 2405 407 2455 temporis
439 2416 596 2454 prorsus
631 2406 817 2443 immutata
855 2405 1037 2443 coniicere
1067 2416 1139 2442 non
1166 2416 1386 2455 possumus:
1420 2407 1459 2443 at
1486 2409 1660 2455 nonest,
1693 2405 1790 2455 quod
1822 2406 2048 2456 dubitemus,
2088 2411 2174 2460 quin

229 2469 429 2518 imperator
465 2469 528 2506 ille
556 2482 676 2508 rerum
703 2470 949 2520 peritissimus
981 2472 1019 2507 et
1050 2472 1192 2518 portum
1220 2469 1402 2518 elegerit,
1439 2472 1474 2507 in
1504 2482 1576 2520 quo
1608 2474 1663 2508 tot
1689 2481 1810 2507 naves
1839 2474 1938 2509 tutas
1965 2472 2009 2510 ab
2037 2474 2175 2524 impetu

229 2536 268 2569 et
303 2532 461 2570 hostium
495 2535 531 2570 et
560 2535 823 2582 tempestatum
853 2544 1079 2572 conservare
1115 2535 1267 2582 posset,
1304 2536 1343 2571 et
1374 2534 1543 2583 pericula
1570 2534 1715 2571 evitare
1742 2533 1922 2583 voluerit,
1959 2547 2055 2586 quae
2081 2539 2175 2575 sub-

230 2597 351 2636 eunda
382 2598 499 2635 ruisse
525 2596 717 2644 videntur,
750 2597 781 2633 si
810 2598 844 2633 in
876 2597 1045 2635 dextram
1073 2597 1187 2647 ripam
1218 2600 1356 2635 tantum
1384 2601 1423 2636 et
1441 2598 1643 2636 exercitum
1669 2600 1707 2634 et
1726 2604 1963 2636 connneatum
1982 2611 2175 2651 exponere

1728 2658 1753 2698 3
