2452 3445
1016 140 1415 181 *24*

242 263 405 300 stibus
443 273 573 309 usas,
602 260 726 297 alias
765 271 786 297 a
823 259 1157 298 validioribus
1195 264 1385 300 tractas
1419 260 1700 298 revertisse
1728 263 1866 299 narrat.
1929 261 2033 311 Quae
2066 264 2199 311 raptim

242 327 409 365 refectae
436 337 515 363 cum
542 325 680 362 missae
708 325 838 362 essent
865 335 887 360 a
909 323 1152 372 Germanico,
1185 327 1226 363 ut
1253 326 1509 362 scrutarentur
1530 323 1691 371 insulas,
1718 323 1986 375 plerosque
2015 326 2200 364 milites

242 389 583 439 collegerunt:
635 386 812 425 multos
858 386 1152 435 Angrivarii
1202 387 1485 436 redemptos
1531 386 1587 425 ab
1631 386 1960 425 interioribus
2001 389 2200 438 populis

242 455 565 501 reduxerunt,
608 450 867 488 nonnullos
914 450 958 487 in
994 451 1292 488 Britanniam
1335 453 1505 499 raptos
1556 450 1855 488 remiserunt
1892 451 2072 497 reguli.
2140 452 2202 491 Cf.

242 517 338 555 Ann.
370 515 427 564 ll,
456 514 523 554 21.
578 514 683 566 Quae
711 515 744 551 si
774 524 869 551 vera
895 516 1004 563 sunt,
1035 524 1109 551 non
1134 516 1318 562 apparet,
1355 526 1426 564 quo
1451 513 1531 551 iure
1559 511 1717 551 Tacitus
1743 513 1883 552 cladem
1906 512 2005 551 illam
2035 516 2203 553 novitate

242 583 280 619 ct
310 578 564 627 magnitudine
595 588 735 616 omnem
762 577 905 616 modum
934 577 1154 616 excessisse
1184 579 1324 615 narret.

367 643 463 682 Sola
482 642 688 681 Germanici
718 641 878 680 triremis
912 641 958 679 ad
976 640 1209 681 Chaucorum
1237 642 1373 679 terram
1403 638 1563 689 appulsa
1590 641 1685 678 erat.
1738 639 1795 678 lbi
1813 640 2053 679 Germanicus
2084 656 2203 693 „per

242 718 405 745 omnes
430 706 544 744 illos
571 705 674 741 dies
701 707 974 754 noctesque
1001 704 1101 754 apud
1132 703 1312 753 scopulos
1344 706 1383 743 et
1413 703 1663 753 prominentes
1690 713 1799 751 oras,
1831 716 1970 742 cumse
1989 707 2080 743 tanti
2098 708 2204 745 exitii

244 782 345 808 reum
377 770 609 816 clamitaret,
636 768 706 805 vix
737 766 901 805 cohiberi
929 770 1104 817 poterat,
1145 768 1231 816 quin
1259 767 1390 804 eodem
1418 767 1506 803 mari
1535 769 1688 803 mortem
1718 769 1928 815 oppeteret.
1942 767 1966 790 “
2031 769 2130 806 Ann-
2158 770 2204 819 ll,

244 834 282 872 2.
312 847 359 871 m.
421 831 565 870 Multos
592 831 708 878 igitur
741 829 822 867 dies
852 829 1094 869 Germanicus
1121 831 1157 868 in
1186 829 1417 868 Chaucorum
1442 832 1543 869 terra
1572 828 1839 879 opperiebatur
1869 842 1986 869 naves
2014 832 2204 871 disiectas.

245 896 412 934 Tandem
437 894 632 932 relabente
659 895 768 931 aestu
790 892 877 930 illae
901 893 949 930 ad
978 894 1132 931 eundem
1162 893 1284 931 locum
1311 893 1492 943 appulsae
1523 892 1718 930 videntur:
1746 903 1827 930 nam
1852 892 2113 945 Germanicus,
2145 899 2206 947 qui

246 971 331 1009 per
360 970 517 996 omnes
546 958 664 996 illos
695 957 803 994 dies
842 959 1120 1006 noctesque
1153 957 1301 995 abiecto
1329 958 1447 995 animo
1474 958 1509 994 in
1537 967 1637 994 mare
1663 960 1939 1006 prospexerat,
1974 961 2205 997 saevien-

246 1022 376 1060 tibus
414 1019 802 1072 tempestatibus
837 1019 935 1057 haud
971 1020 1079 1058 dubie
1121 1031 1256 1057 navem
1298 1020 1453 1058 solvere
1482 1030 1554 1056 non
1577 1020 1779 1068 potuerat:
1817 1020 2079 1060 relabente
2119 1035 2206 1061 au·-

245 1090 334 1123 tem
375 1087 521 1123 aestu
566 1083 837 1121 redeuntes
876 1094 1032 1120 naves
1069 1084 1333 1133 accepisse
1372 1084 1609 1133 refectasque
1647 1083 1832 1120 dimisisse
1868 1084 2002 1123 dicitur
2034 1086 2080 1124 ad
2114 1087 2207 1125 alias

245 1160 367 1187 naves
394 1147 640 1186 reducendas.
701 1145 800 1184 Ann.
827 1145 882 1195 ll,
907 1145 973 1184 24.
1001 1159 1048 1183 m.
1103 1147 1188 1184 Non
1213 1149 1340 1184 narrat
1361 1146 1538 1195 Tacitus,
1565 1147 1648 1196 quis
1673 1142 2026 1196 nuntium‘singulis
2048 1151 2206 1188 navibus

245 1212 436 1260 attulerit,
470 1211 677 1249 Germanici
706 1211 890 1248 triremem
919 1209 965 1247 ad
997 1208 1227 1248 Chaucorum
1259 1213 1395 1248 terram
1425 1208 1642 1259 appulsam,
1671 1209 1902 1260 eundemque
1935 1212 1971 1249 in
1998 1212 2115 1251 locum
2142 1226 2207 1252 eas

246 1277 459 1316 adduxerit.
520 1274 599 1313 Sed
628 1275 767 1313 omissa
795 1272 865 1311 hac
893 1284 935 1310 re
966 1275 1171 1324 temporum
1199 1273 1401 1313 intervalla
1430 1272 1699 1324 quodammodo
1729 1276 1993 1324 computemus.
2049 1276 2206 1315 Germa-

246 1343 351 1380 nicus
382 1342 498 1389 igitur
538 1338 672 1376 multos
701 1339 782 1375 dies
805 1338 947 1375 frustra
971 1338 1008 1374 in
1038 1350 1139 1376 mare
1167 1341 1445 1389 prospexerat:
1482 1337 1637 1386 deinde,
1676 1350 1755 1376 cum
1778 1350 1898 1376 naves
1931 1340 2111 1389 quaedam
2142 1353 2207 1380 re-

245 1406 474 1452 vertissent,
507 1403 638 1451 raptim
666 1401 886 1439 reficiendas
917 1411 984 1438 eas
1014 1403 1190 1452 curabat,
1217 1402 1313 1441 haud
1341 1401 1450 1439 dubie
1474 1399 1705 1438 Chaucorum
1731 1413 1825 1451 ope:
1854 1413 1923 1439 nec
1948 1404 2090 1451 tamen,
2114 1417 2192 1443 cum

247 1468 363 1506 omnis
401 1467 577 1506 materies
611 1464 845 1515 apportanda
874 1466 1002 1513 esset,
1040 1466 1148 1516 mali,
1185 1467 1317 1515 funes,
1348 1465 1457 1514 vela,
1485 1466 1666 1514 remigia,
1695 1476 1875 1515 ancorae,
1905 1476 2059 1515 parvum
2093 1471 2191 1506 tem-

245 1544 315 1582 pus
366 1532 401 1568 in
441 1530 652 1568 reficiendis
689 1528 850 1566 navibus
887 1533 1140 1577 consumptum
1170 1530 1398 1579 putabimus:
1434 1532 1508 1568 tum
1536 1530 1701 1568 resectas
1728 1539 1849 1566 naves
1881 1529 1999 1577 misit,
2030 1533 2071 1569 ut
2085 1542 2195 1569 scru-

248 1595 415 1633 tarentur
459 1593 601 1630 insulas
637 1595 676 1630 et
712 1592 868 1643 propius
904 1594 943 1630 et
980 1592 1133 1641 longius
1168 1594 1284 1631 sitas:
1324 1592 1458 1644 quibus
1495 1593 1669 1643 profecto
1707 1602 1844 1639 magno
1877 1593 2056 1642 temporis
2084 1596 2208 1644 spatio

248 1670 342 1709 opus
379 1659 460 1695 erat
493 1657 540 1694 ad
573 1658 708 1695 milites
748 1660 787 1694 et
812 1656 1050 1705 colligendos
1080 1660 1120 1695 et
1150 1656 1397 1695 reducendos.
1462 1656 1644 1708 Quantum
1674 1656 1791 1704 igitur
1818 1654 1876 1694 his
1903 1656 1940 1694 in
1967 1657 2080 1696 rebus
2111 1661 2209 1697 tem-

246 1723 351 1773 poris
378 1723 634 1770 consumptum
664 1718 917 1759 censebimus!
982 1721 1186 1759 Praeterea
1215 1722 1276 1771 qui
1304 1720 1421 1758 verba
1449 1720 1575 1759 Taciti
1601 1723 1833 1770 premerent,
1861 1720 2106 1770 coniicerent,
2134 1735 2208 1760 ex-

249 1786 450 1836 spectasse
479 1783 759 1833 Germanicum,
795 1784 914 1821 donec
950 1784 1012 1834 qui
1046 1785 1081 1821 in
1120 1785 1343 1822 Britanniam
1384 1783 1450 1822 vel
1485 1783 1533 1822 ad
1567 1784 1765 1822 interiores
1794 1783 2013 1822 Germaniae
2048 1785 2210 1835 populos

252 1849 397 1886 disiecti
421 1848 607 1896 fuissent,
635 1851 699 1886 aut
725 1859 746 1885 a
765 1847 978 1884 Britanniae
1007 1848 1155 1895 regulis
1185 1848 1330 1884 remissi
1359 1849 1423 1884 aut
1448 1858 1518 1895 per
1534 1846 1792 1895 Angrivarios
1808 1847 1990 1896 redempti
2011 1848 2209 1886 redissent.

251 1912 409 1964 Quorum
428 1912 575 1949 etiamsi
599 1913 779 1951 rationem
797 1923 870 1948 non
887 1910 1108 1960 habeamus,
1138 1913 1260 1948 tamen
1279 1914 1406 1949 aestas
1422 1909 1484 1947 illa
1497 1937 1508 1958 ,
1536 1921 1631 1960 quae
1649 1911 1868 1950 Germanico
1887 1910 2044 1949 reditum
2064 1915 2211 1961 paranti

251 1977 321 2014 iam
353 1973 517 2014 adulta
549 1974 776 2024 videbatur,
816 1976 1140 2013 consenuisse
1167 1975 1273 2014 nobis
1302 1974 1511 2024 videbitur,
1534 1975 1746 2026 priusquam
1775 1974 2015 2014 Germanicus
2041 1976 2210 2017 collectis

250 2041 289 2077 et
316 2038 471 2075 navibus
498 2040 538 2076 et
567 2038 743 2076 militibus
769 2038 961 2089 plerisque
989 2039 1035 2076 ad
1060 2038 1226 2077 Rhenum
1257 2039 1423 2077 redierit.
1479 2038 1556 2076 Vix
1583 2039 1701 2087 igitur
1727 2039 1783 2088 ei,
1811 2040 1875 2091 qui
1903 2041 2047 2078 attento
2073 2042 2204 2090 animo,

249 2114 345 2154 quae
375 2101 532 2140 Tacitus
559 2102 693 2151 tradit,
721 2102 888 2151 legerit,
914 2103 950 2139 in
979 2106 1137 2141 mentem
1164 2104 1294 2142 veniet
1320 2104 1528 2152 conficere,
1566 2102 1787 2141 Germanico
1820 2105 1859 2141 et
1882 2104 2052 2142 terrestri
2079 2105 2209 2143 itinere

250 2170 287 2204 et
315 2166 462 2215 ingenti
490 2166 690 2214 naufragio
727 2167 927 2216 tantopere
964 2166 1156 2205 retardato
1188 2169 1335 2217 tempus
1370 2166 1550 2217 reliquum
1581 2167 1699 2204 fuisse
1728 2166 1774 2204 ad
1799 2177 1920 2205 novas
1950 2168 2210 2217 expeditiones

252 2230 526 2280 suscipiendas.
588 2229 645 2266 At
675 2229 937 2278 Germanicus,
975 2231 1083 2279 quasi
1121 2230 1255 2268 nullam
1280 2230 1419 2267 cladem
1443 2231 1655 2279 acceperit,
1696 2230 1822 2268 statim
1850 2230 1896 2267 ab
1924 2231 2043 2268 reditu
2070 2231 2116 2271 C.
2141 2234 2210 2270 Si-

251 2295 335 2332 lium
374 2306 455 2332 cum
490 2293 647 2341 triginta
680 2294 866 2342 peditum,
905 2292 1023 2330 tribus
1063 2293 1224 2343 equitum
1252 2292 1397 2330 milibus
1421 2294 1475 2331 ire
1500 2294 1536 2330 in
1561 2291 1720 2332 Chattos
1744 2293 1869 2331 iubet:
1906 2294 1988 2342 ipse
2012 2296 2209 2333 maioribus

252 2360 369 2409 copiis
400 2359 436 2395 in
465 2356 616 2394 Marsos
644 2356 813 2405 irrumpit
846 2366 915 2394 nec
939 2356 1056 2393 solum
1084 2367 1191 2393 unam
1223 2355 1270 2392 de
1299 2355 1434 2406 aquilis
1461 2355 1633 2393 Varianis
1661 2359 1880 2406 recuperat,
1917 2357 1985 2395 sed
2012 2359 2122 2397 etiam
2148 2359 2208 2395 in-

251 2425 394 2460 trorsus
429 2432 660 2471 progressus
704 2431 823 2468 agros
859 2419 1069 2457 Marsorum
1106 2420 1295 2456 devastat.
1369 2419 1465 2470 Quid
1504 2419 1620 2456 Silius
1651 2421 1755 2457 tanto
1787 2420 1957 2458 exercitu
1993 2422 2209 2470 profecerit,

252 2485 406 2523 Tacitus
436 2496 509 2522 non
541 2486 681 2521 narrat.
736 2483 911 2521 Peractis
942 2483 1083 2521 demum
1110 2483 1183 2520 illis
1212 2483 1541 2532 expeditionibus,
1570 2482 1810 2521 Germanicus
1836 2483 1870 2520 in
1898 2483 2050 2522 hiberna
2067 2485 2209 2523 reducit

252 2548 386 2586 milites
412 2548 536 2586 laetos
561 2546 658 2597 quod

503 2611 753 2660 „adversa
782 2610 923 2649 maris
953 2611 1280 2659 expeditione
1309 2621 1548 2660 prospera
1580 2609 1979 2660 pensavissent‘4

2063 2675 2210 2713 eosdem
