2452 3445
1003 148 1402 188 —-14....

233 271 401 324 planitiei
437 269 675 317 mentionem,
711 266 781 305 sed
807 268 961 316 angusti
985 268 1142 308 tramitis
1171 271 1253 307 arte
1278 269 1459 320 quondam
1489 269 1597 309 strati
1627 269 1723 308 inter
1750 270 1934 322 paludes,
1970 273 2103 323 siccis,
2144 276 2186 311 ut

233 338 394 375 libenter
421 332 676 381 concedimus,
709 331 804 370 locis
834 331 987 370 mixtas.

361 407 482 447 Multa
518 407 635 455 igitur
672 406 782 444 etiam
819 404 889 444 hac
921 405 957 443 in
997 405 1239 456 expeditione
1277 406 1385 444 nobis
1422 410 1641 457 occurrunt,
1685 418 1782 458 quae
1820 418 1843 444 a
1879 411 2042 449 veritate
2079 411 2190 461 plane

238 475 356 512 aliena
387 471 599 510 videantur.
655 467 898 507 Nihilominus
925 472 1066 509 certum
1097 471 1179 518 est,
1216 470 1391 507 evasisse
1420 469 1640 520 Caecinam,
1678 470 1879 509 verisimile
1907 475 1987 522 est,
2018 475 2193 513 evasisse

238 548 318 575 cum
342 537 532 573 servatum
561 535 600 571 et
623 534 706 571 arte
730 532 970 583 imperatoria
998 544 1066 570 sua
1092 536 1132 572 et
1160 534 1342 573 aviditate
1360 534 1625 572 Germanorum
1643 535 1817 584 praedam
1834 537 2073 587 sectantium,
2102 549 2192 576 cre-

239 599 352 638 dibile
391 599 522 645 etiam,
569 596 777 634 Germanos
811 608 881 646 per
907 607 1034 635 omnes
1060 597 1148 635 illos
1176 597 1257 635 dies
1280 599 1448 637 victores
1475 600 1668 648 postremo
1696 599 1744 636 ob
1771 587 1981 648 superbiam
2010 604 2050 638 et
2072 604 2194 640 teme-

240 664 389 703 ritatem
430 662 560 699 damno
594 659 721 709 aliquo
761 659 917 698 affectos
954 671 1064 698 esse:
1094 663 1134 699 at
1163 660 1276 711 plena
1303 662 1564 701 ostentationis
1594 672 1706 710 esse,
1742 673 1838 712 quae
1866 660 2029 702 Caecina
2055 664 2102 702 de
2129 666 2195 703 vi-

243 729 363 768 ctoria
403 737 470 765 sua
503 724 658 762 Romam
698 723 891 772 nuntiarit,
935 724 1006 760 vix
1043 724 1235 775 quisquam
1272 725 1450 775 negabit,
1490 725 1562 762 nisi
1599 725 1661 775 qui
1694 736 1810 763 caeca
1848 724 1922 763 tide
1953 737 2197 779 quaecunque

245 793 397 831 tradidit
424 788 580 826 Tacitus
603 787 816 825 admiratur.

370 864 567 901 Postremo
597 859 754 898 Tacitus
782 859 870 907 „ad
902 859 1182 908 supplenda
1213 862 1472 900 exercitus
1503 861 1664 900 damna
1693 863 1958 901 certavere
1985 863 2199 913 Galliae,

247 926 537 978 Hispaniae,
564 923 765 972 ltaliae,
794 922 918 973 quod
949 923 1119 973 cuique
1147 928 1417 975 promptum
1442 936 1576 973 arma,
1606 935 1770 975 equos,
1798 928 2198 965 aurumot'seren-

245 991 367 1031 tes.“
422 989 621 1042 Quorum
651 986 848 1025 laudato
877 986 1042 1025 studio
1072 986 1391 1027 GermanIcns
1418 989 1559 1026 armis
1590 988 1723 1027 modo
1754 991 1802 1028 et
1829 991 1973 1041 equis
2002 991 2056 1030 ad
2085 992 2196 1030 bel-

245 1057 331 1094 lum
360 1052 563 1102 sumptis
592 1051 793 1100 propria
823 1050 1032 1098 pecunia
1059 1051 1260 1089 militem
1293 1052 1467 1089 iuvit.“

369 1115 519 1165 Ingenti
547 1125 637 1151 sane
662 1125 757 1163 opus
787 1115 871 1152 erat
898 1114 1055 1163 pecunia
1083 1113 1130 1152 ad
1159 1115 1289 1153 damna
1316 1117 1375 1155 tot
1403 1114 1535 1153 milium
1554 1113 1704 1152 militum
1723 1115 1930 1154 sarcienda.
1986 1117 2039 1156 At
2057 1119 2195 1158 omissa

244 1183 313 1222 liac
341 1193 384 1219 re
413 1181 460 1218 de
481 1177 682 1217 Galliarum
709 1177 844 1215 studiis
873 1177 1118 1215 subveniendi
1137 1178 1356 1217 Germanico
1383 1180 1461 1216 iure
1492 1178 1818 1216 dubitabimus
1846 1181 2025 1219 confisi
2054 1183 2197 1231 verbis,

244 1246 378 1298 quibus
405 1244 533 1283 eodem
562 1244 729 1291 tempore
757 1241 840 1291 ipse
871 1239 1111 1279 Germanicus
1142 1254 1231 1280 usus
1261 1254 1348 1280 esse
1375 1242 1509 1281 dicitur
1537 1242 1588 1280 cf.
1616 1241 1716 1279 Ann.
1747 1242 1802 1291 n,
1827 1242 1875 1293 5,
1905 1242 1944 1281 ⁶..)-

508 1317 671 1368 „fessas
703 1315 855 1353 Galliae
880 1316 1148 1353 ministrandis
1175 1318 1296 1368 equis.
1310 1316 1337 1339 ‘⁶

368 1393 574 1430 Praeterea
600 1390 841 1428 Germanicus
878 1392 918 1427 ut
941 1391 1154 1428 maritimam
1188 1390 1465 1439 expeditionem
1493 1391 1563 1427 rite
1590 1390 1784 1428 instituere
1812 1392 1966 1440 posset,
2005 1392 2046 1429 P.
2074 1392 2199 1432 Vitel-

246 1458 329 1496 lium
357 1458 397 1494 et
425 1453 470 1495 C.
499 1452 649 1492 Antium
681 1453 791 1504 paulo
817 1455 906 1504 post
935 1453 981 1491 ad
1009 1464 1144 1492 census
1176 1452 1375 1492 Galliarum
1404 1454 1516 1493 misit.

373 1529 521 1568 Omissa
549 1526 681 1565 deinde
713 1528 934 1578 quaestione
965 1527 1011 1565 de
1039 1527 1217 1577 Visurgis
1245 1528 1365 1566 verbo
1394 1527 1493 1565 Ann.
1522 1527 1559 1577 l,
1585 1526 1651 1565 70.
1680 1530 1780 1565 extr.
1806 1529 2038 1566 transeamus
2066 1530 2113 1568 ad
2141 1531 2198 1569 ul-

248 1594 369 1633 timam
396 1591 672 1641 expeditionem
696 1589 916 1629 Germanici.

376 1664 475 1703 Nihil
504 1664 551 1703 ad
578 1664 669 1703 illud
695 1666 842 1715 tempus
874 1662 1137 1713 Germanicus,
1175 1664 1239 1715 qui
1261 1663 1361 1703 bello
1388 1664 1600 1703 Pannonico
1625 1675 1784 1713 magnas
1813 1666 1996 1713 gesserat
2020 1676 2101 1715 res,
2129 1666 2201 1705 ad-

248 1741 383 1768 versus
410 1728 615 1767 Germanos
644 1729 872 1778 proiecerat.
926 1727 1020 1766 Nam
1055 1728 1154 1779 quod
1182 1727 1333 1767 Marsos
1355 1728 1499 1767 insidiis
1524 1729 1797 1768 circumventos
1825 1728 2005 1778 inermes,
2038 1730 2201 1769 semiso-

247 1805 373 1841 mnos,
402 1791 626 1831 temulentos
644 1790 937 1842 Chattorumque
956 1792 1142 1840 infantes,
1170 1791 1366 1840 mulieres,
1393 1803 1504 1829 senes
1524 1791 1777 1830 crudelissime
1795 1791 2052 1831 trucidaverat
2068 1793 2201 1842 Sege-

247 1860 416 1908 stemque
436 1867 515 1894 cum
536 1854 732 1893 clientibus
754 1854 947 1893 obsidione
962 1855 1159 1893 liberarat:
1185 1855 1268 1906 quis
1286 1853 1391 1903 haec,
1409 1855 1553 1892 etiamsi
1568 1854 1615 1893 ad
1635 1855 1832 1893 verItatem
1849 1857 1996 1893 narrata
2010 1857 2199 1895 conceda-

249 1934 349 1969 mus,
384 1921 419 1958 in
458 1920 571 1958 rebus
606 1919 802 1970 praeclare
840 1920 965 1968 gestis
1001 1916 1228 1957 numerabit!
1265 1918 1470 1959 Praeterea
1506 1920 1589 1969 quis
1615 1918 1752 1957 haecce
1783 1917 2044 1958 Germanorum
2070 1921 2201 1961 damna

247 1984 492 2025 Romanorum
519 1983 773 2023 ostentatione
799 1981 899 2021 haud
924 1981 1033 2021 dubie
1051 1982 1087 2021 ln
1105 1982 1220 2020 maius
1238 1980 1428 2021 celebrata
1444 1982 1674 2033 comparabit
1688 1993 1769 2022 cum
1786 1981 1861 2021 illis
1881 1982 2041 2035 damnis,
2069 1985 2200 2037 quibus

250 2049 405 2088 Romani
438 2060 518 2086 eum
557 2048 708 2086 insolito
742 2047 855 2084 maris
893 2049 1003 2085 aestu
1038 2049 1112 2084 tum
1147 2048 1229 2083 arte
1264 2048 1304 2084 et
1333 2047 1472 2085 virtute
1501 2046 1763 2086 Germanorum
1792 2048 1895 2086 etin
1919 2047 2018 2085 silva
2049 2048 2198 2088 Teuto-

247 2112 443 2161 burgiensi
472 2114 510 2150 et
533 2113 569 2150 in
595 2112 793 2162 paludibus
821 2122 892 2160 per
921 2111 1057 2160 pontes
1084 2110 1223 2158 longos
1249 2110 1462 2161 patentibus
1487 2110 1611 2150 affecti
1639 2110 1765 2151 erant!

377 2174 481 2227 Quae
523 2174 654 2212 damna
698 2174 884 2213 sarciendi
921 2173 1182 2224 cupidissimus
1216 2174 1396 2225 simulque
1433 2174 1577 2213 Tiberii
1617 2177 1656 2214 et
1690 2175 1942 2225 sagacitatem
1975 2176 2015 2212 et
2049 2173 2202 2213 insidias

252 2239 397 2278 veritus
426 2237 665 2276 Germanicus
695 2240 777 2276 toto
810 2238 929 2275 animo
955 2237 1121 2275 intentus
1151 2239 1235 2276 erat
1264 2238 1310 2274 ad
1340 2239 1615 2288 expedItionem
1638 2250 1772 2277 novam
1801 2249 1902 2276 nova
1925 2237 2067 2275 ratione
2089 2238 2201 2276 insti-

250 2302 437 2343 tuendam.
490 2301 565 2339 lam
593 2303 787 2352 superiore
815 2302 850 2338 in
879 2300 1122 2351 expeditione
1151 2302 1342 2340 exercitus
1364 2303 1508 2351 partem
1538 2312 1610 2340 non
1636 2304 1689 2342 ita
1714 2314 1872 2354 parvam
1898 2299 2057 2340 navibus
2074 2311 2202 2338 vexe-

252 2370 309 2407 rat
336 2367 372 2405 in
398 2364 630 2404 Germaniam
658 2367 698 2404 et
724 2366 954 2414 revexerat,
990 2364 1024 2402 si
1050 2375 1143 2404 vere
1165 2367 1294 2404 narrat
1321 2364 1500 2414 Tacitus,
1536 2365 1775 2416 incolumem,
1812 2366 1916 2414 dum,
1941 2364 2001 2415 qui
2030 2364 2203 2402 terrestri

252 2433 382 2469 itinere
405 2430 679 2467 reducebantur
707 2430 841 2466 milites
860 2428 1021 2466 Caecina
1051 2432 1090 2466 et
1109 2429 1263 2466 Vitellio
1290 2429 1446 2466 ducibus
1473 2430 1606 2477 partlm
1633 2429 1790 2466 bostium
1818 2429 1959 2466 insidiis
1981 2430 2021 2463 et
2048 2428 2202 2467 virtute.

253 2496 381 2545 partim
412 2494 561 2532 insolito
593 2495 702 2532 maris
729 2496 837 2531 aestu
866 2490 1106 2531 vehementer
1134 2492 1367 2540 affliguntur.
1428 2491 1491 2531 Ad
1515 2491 1601 2531 illas
1627 2493 1745 2541 igitur
1765 2507 1885 2533 naves
1915 2490 2057 2531 addidit
2079 2502 2200 2531 novas

878 2554 1050 2605 primum,
1089 2557 1139 2595 ut
1168 2555 1409 2594 maturius

878 2620 1035 2669 deinde,
1074 2623 1122 2658 ut
1147 2620 1322 2658 insciis
1351 2618 1577 2657 hostibus
