2452 3445
1016 131 1413 173 *20*

233 259 399 296 manicus
427 257 563 294 tantum
594 264 692 302 opus
714 253 933 303 perfecerit.
988 252 1146 289 Tacitus
1175 252 1221 289 de
1247 263 1288 289 re
1319 262 1512 300 exponere
1539 251 1785 300 supersedet:
1812 252 2035 292 brevissime
2051 257 2193 300 narrat,

237 323 438 363 Caesarem
465 321 745 366 transgressum
770 328 869 356 esse.
923 316 1031 355 Haud
1062 316 1171 354 dubie
1201 318 1284 355 erat
1312 315 1529 365 scriptoris,
1558 315 1618 365 qui
1647 327 1718 354 non
1740 327 2063 366 supervacaneum
2092 318 2194 357 ducit

237 395 413 432 narrare,
439 382 620 433 quomodo
647 393 721 420 non
750 381 954 429 contigerit
978 380 1219 429 Germanico,
1252 374 1451 429 ut‘pontes
1479 378 1671 428 efiiceret,
1709 380 1817 419 etiam
1846 382 2069 432 ostendere,
2099 392 2193 433 quo-

238 450 344 488 modo
366 458 505 485 revera
533 446 751 493 contigerit.

365 575 461 613 Tum
496 573 702 624 propinquo
733 582 897 609 summae
930 572 984 607 rei
1021 571 1230 609 discrimine
1262 570 1405 608 Caesar
1440 569 1695 619 explorandos
1729 570 1878 608 militum
1915 572 2055 609 animos
2081 576 2200 620 ratus,

241 652 351 691 quam
393 624 493 676 ineat
539 637 716 673 rationem
756 638 906 684 reputat
944 636 1172 685 relectisque
1208 634 1290 673 aliis
1328 633 1531 671 rationibus
1568 634 1651 682 ipse
1686 637 1797 672 nocte
1838 638 1977 684 coepta
2015 646 2198 683 egressus

245 701 422 751 augurali
456 699 638 739 assistens
674 697 926 737 tabernaculis
965 697 1011 736 ad
1047 697 1199 735 militum
1228 708 1419 735 sermones
1449 707 1559 734 aures
1585 697 1813 748 animumque
1841 698 2029 736 admovet.
2095 696 2199 736 lusto

243 767 407 813 tardius,
443 762 575 801 credo:
610 774 692 800 nam
734 763 876 800 etiamsi
913 765 1068 800 cunctos
1098 763 1245 798 terrore
1270 761 1443 809 impletos
1472 759 1803 809 deprehendisset,
1839 761 1927 799 nihil
1955 763 2076 799 tamen
2103 761 2199 798 reli-

245 841 354 880 quum
386 828 501 865 fuisse
528 826 703 873 videtur,
732 826 802 863 nisi
830 827 871 862 ut
897 836 1062 874 pugnam
1080 824 1263 871 oblatam,
1291 823 1398 860 immo
1421 823 1608 861 obtrusam
1633 824 1837 873 acciperet.
1890 824 1946 863 At
1962 823 2202 862 delectabant

245 893 342 930 haud
375 890 483 927 dubie
514 890 691 927 eiusmodi
715 888 887 936 fabulae,
925 890 961 925 in
991 889 1124 937 quibus
1152 899 1274 924 rerum
1302 888 1547 925 Romanarum
1577 887 1782 934 scriptores
1803 908 1855 914 —
1872 887 1987 924 rebus
2016 898 2200 925 necessa-

247 959 310 995 riis
343 966 461 1004 saepe
490 954 680 1002 neglectis
702 953 870 990 —iusto
900 952 1075 990 libentius
1109 955 1331 1000 versantur,
1362 951 1500 989 animos
1523 949 1792 1000 Romanorum,
1821 953 1883 1001 qui
1912 964 1934 989 a
1957 962 2077 988 rerum
2103 951 2202 989 scri-

247 1020 416 1072 ptoribus
448 1016 627 1056 eiusmodi
663 1014 819 1053 delicias
856 1026 923 1053 seu
949 1016 1055 1054 fictas
1092 1027 1161 1052 seu
1191 1026 1241 1053 ex
1265 1014 1472 1052 rumoribus
1499 1013 1656 1052 haustas
1681 1015 1935 1064 postulabant.
2001 1014 2067 1052 Sic
2092 1015 2202 1053 etiam

246 1084 386 1123 somnia
415 1082 609 1120 narrantur
634 1079 915 1128 imperatorum,
950 1078 1058 1116 velut
1084 1078 1290 1117 Germanici
1317 1076 1436 1129 [Ann-
1466 1076 1520 1125 11,
1560 1076 1621 1115 14.
1642 1075 1713 1128 ἰη.)
1747 1080 1787 1115 et
1812 1077 1999 1117 Caecinae
2029 1075 2149 1128 [Ann.
2173 1078 2202 1127 l,

247 1146 313 1187 65.
341 1144 414 1198 in.)
435 1167 484 1173 —
505 1142 700 1195 praeclare
727 1152 818 1180 sane
847 1142 894 1181 ad
933 1142 1162 1180 revelandos
1190 1143 1336 1180 intimos
1365 1141 1563 1179 animorum
1589 1152 1765 1180 recessus
1782 1162 1831 1169 —
1850 1142 1959 1180 modo
1988 1152 2034 1179 ne
2063 1152 2114 1179 ex
2144 1141 2206 1180 al-

251 1216 333 1251 tera
361 1213 472 1260 parte
512 1209 711 1253 deessent,
750 1217 845 1253 quae
871 1206 1049 1243 Romanis
1077 1207 1218 1254 pariter
1245 1217 1289 1243 ac
1318 1205 1426 1242 nohis
1455 1205 1550 1242 scitu
1574 1206 1790 1243 necessaria
1813 1206 1931 1243 fnisse
1958 1206 2133 1243 videntur
2159 1206 2204 1243 ad

251 1287 314 1312 res
341 1273 501 1312 traditas
527 1268 808 1318 intelligendas.
874 1268 915 1306 ln
941 1269 1014 1306 illis
1041 1280 1118 1316 ego
1147 1269 1282 1317 rebus,
1311 1271 1353 1307 ut
1377 1269 1447 1307 iam
1478 1267 1539 1305 alii
1566 1268 1817 1319 interpretes,
1859 1269 1968 1307 etiam
1996 1268 2206 1318 pulcherri-

249 1350 345 1377 mum
373 1347 525 1376 numero
549 1333 767 1382 augurium,
806 1331 904 1382 quod
945 1332 1048 1370 initio
1075 1343 1229 1381 pugnae
1255 1334 1342 1370 octo
1370 1332 1518 1383 aquilae
1542 1334 1676 1382 petere
1706 1334 1745 1371 et
1769 1333 1907 1371 intrare
1936 1333 2044 1371 visae
2071 1333 2206 1382 silvas,

252 1414 345 1451 quas
378 1399 509 1435 hostes
538 1398 840 1445 occupaverant,
878 1395 1094 1442 ediderunt,
1134 1408 1213 1432 cum
1245 1396 1392 1445 aquilae
1420 1407 1489 1433 nec
1518 1396 1633 1432 sedes
1656 1397 1808 1433 modicis
1836 1397 2048 1433 intervallis
2075 1398 2203 1433 seiun-

252 1468 333 1504 ctas
358 1463 480 1510 figere
507 1472 576 1499 nec
600 1459 839 1507 coniunctim,
871 1461 913 1496 ut
939 1469 1142 1507 passeres,
1179 1458 1311 1496 volare
1343 1459 1510 1497 soleant:
1540 1460 1576 1496 in
1600 1458 1674 1497 illis
1702 1459 1807 1507 illas,
1834 1471 1926 1510 quas
1945 1459 2104 1498 Tacitus
2132 1471 2205 1509 ap-

251 1528 423 1578 portatas
467 1526 594 1562 narrat
639 1535 661 1561 a
699 1521 901 1562 Cheruscis
939 1524 1091 1559 catenas
1135 1522 1181 1559 ad
1215 1521 1403 1560 Romanos
1446 1523 1685 1577 vinciendos:
1730 1534 1811 1561 nam
1848 1524 2000 1573 primum
2036 1522 2208 1561 Germani

254 1589 496 1635 exacerbati,
542 1588 575 1623 si
611 1597 704 1623 vere
742 1585 902 1622 Tacitus
937 1588 1086 1633 narrat,
1132 1586 1388 1624 crudelissima
1424 1586 1542 1624 caede
1577 1597 1726 1635 senum,
1760 1587 1973 1636 mulierum,
2007 1588 2210 1635 infantium,

254 1666 325 1705 qua
356 1651 598 1691 Germanicus
631 1650 667 1686 in
692 1647 845 1686 Marsos
881 1652 920 1685 et
954 1648 989 1684 in
1020 1646 1180 1686 Chattos
1215 1649 1431 1697 saevierat,
1467 1649 1630 1699 captivis
1662 1661 1736 1687 non
1773 1651 1897 1698 magis
1932 1652 2208 1700 pepercissent,

256 1729 362 1768 quam
392 1716 428 1751 in
454 1714 560 1752 clade
588 1711 771 1749 Variana:
797 1721 868 1748 nec
899 1711 1036 1747 minore
1065 1713 1253 1748 exarserit
1282 1713 1336 1749 ira
1355 1712 1562 1761 Arminius,
1592 1724 1698 1763 quam
1726 1713 1985 1763 Germanicus,
2015 1714 2079 1765 qui
2099 1714 2211 1764 paulo

256 1782 345 1830 post
375 1778 494 1828 [Ann.
520 1776 578 1824 Π,
612 1774 697 1826 21.)
732 1775 864 1813 orabat
890 1775 1046 1823 milites,
1083 1776 1421 1823 „insisterent
1453 1777 1709 1815 caedibus:
1745 1777 1861 1815 nihil
1897 1790 2016 1828 opus
2046 1780 2211 1829 capti-

260 1845 354 1892 vis,
392 1841 538 1879 solam
567 1839 956 1877 internecionem
985 1839 1153 1886 gentis
1185 1840 1329 1877 finem
1361 1840 1493 1878 bello
1525 1840 1687 1878 fore“:
1722 1840 1854 1878 deinde
1882 1842 1914 1879 si
1944 1843 2099 1881 consilio
2130 1855 2211 1880 mu·—

262 1910 338 1945 tato
371 1906 508 1944 multos
539 1904 716 1953 captivos
744 1913 869 1940 secum
895 1902 1031 1940 ducere
1059 1903 1093 1940 in
1124 1904 1262 1941 animos
1290 1905 1545 1954 induxissent,
1584 1904 1729 1953 ingenti
1755 1906 1966 1944 catenarum
1994 1906 2091 1944 mole
2119 1917 2213 1956 opus

262 1972 416 2008 fuisset:
447 1968 604 2019 denique
631 1979 704 2006 non
735 1967 937 2005 verisimile
962 1970 1041 2016 est,
1066 1967 1232 2016 hostem,
1262 1970 1344 2019 qui,
1372 1971 1413 2007 ut
1430 1968 1585 2007 TacItus
1614 1969 1726 2019 paulo
1754 1972 1840 2008 ante
1867 1974 1999 2010 narrat
2021 1969 2040 2014 s
2042 1970 2140 2008 Ann.
2163 1970 2212 2019 11,

265 2032 350 2084 14.)
378 2044 422 2069 ne
448 2034 556 2070 scuta
584 2031 729 2081 quidem
759 2030 924 2068 hahebat
952 2031 1052 2068 serro
1080 2031 1221 2069 firmata
1260 2035 1299 2070 et
1326 2034 1361 2070 in
1390 2035 1554 2073 secunda
1585 2035 1773 2086 tertiaque
1801 2036 1881 2073 acie
1909 2046 1956 2073 ne
1984 2034 2104 2073 hastis
2127 2035 2211 2084 qui-

265 2098 348 2135 dem
376 2097 477 2133 ferro
509 2095 721 2143 instructis,
762 2094 831 2132 sed
870 2096 1057 2143 praeustis
1085 2095 1171 2133 telis
1207 2096 1400 2147 utebatur,
1434 2099 1535 2136 ferro
1571 2098 1723 2137 abusum
1752 2110 1839 2136 esse
1868 2098 1915 2137 ad
1942 2101 2094 2137 catenas
2121 2110 2213 2148 pro-

265 2160 477 2208 cudendas,
505 2159 639 2210 quihus
666 2169 713 2195 ne
741 2169 836 2208 opus
861 2157 1007 2208 quidem
1039 2161 1122 2197 erat
1150 2158 1195 2196 ad
1223 2161 1397 2209 captivos
1425 2162 1667 2201 coercendos.

387 2284 428 2322 ln
458 2295 610 2334 pugnae
642 2285 777 2333 prioris
814 2283 1065 2334 descriptione
1100 2285 1214 2323 multa
1248 2288 1357 2334 sunt,
1394 2297 1489 2336 quae
1530 2299 1552 2324 a
1581 2287 1746 2325 veritate
1776 2287 1979 2325 abhorrere
2004 2288 2215 2334 videantur,

270 2347 397 2398 velut,
426 2348 525 2399 quod
542 2347 747 2387 Stertinius
775 2359 853 2385 cum
883 2359 1019 2395 magna
1042 2349 1203 2398 equitum
1231 2351 1339 2399 parte
1365 2350 1400 2387 in
1429 2352 1543 2397 terga
1560 2348 1829 2389 Cheruscorum
1858 2350 2035 2389 invadere
2057 2351 2217 2388 iubetur.

272 2410 472 2460 Cherusci,
507 2412 568 2461 qui
589 2409 708 2462 (Anu.
729 2410 784 2458 11,
813 2409 898 2462 16.)
926 2412 1015 2459 iuga
1039 2412 1272 2462 insederant,
1295 2416 1545 2463 proruperant
1568 2414 1712 2464 quidem
1729 2427 1799 2464 per
1815 2417 1989 2455 ferociam
2006 2424 2076 2452 nec
2098 2416 2219 2451 tamen

272 2474 308 2511 in
347 2474 533 2524 planitiem
568 2476 855 2525 processerant:
890 2485 971 2511 nam
1005 2474 1115 2523 paulo
1149 2479 1238 2526 post
1263 2474 1385 2527 (Ann.
1413 2475 1468 2526 11,
1518 2476 1588 2526 17,
1625 2475 1686 2530 3.)
1722 2490 1744 2517 a
1768 2480 1949 2520 Stertinio
1988 2478 2034 2515 de
2060 2475 2217 2515 collibus

271 2538 525 2576 detruduntur.
587 2538 788 2577 Stertinius
824 2539 943 2587 igitur
983 2538 1018 2575 in
1052 2540 1164 2588 terga
1192 2539 1463 2579 Cheruscorum
1502 2538 1681 2581 invadere
1709 2555 1782 2583 non
1808 2546 1981 2597 poterat,
2019 2541 2091 2579 nisi
2116 2541 2218 2590 iugis

271 2603 370 2651 illis,
405 2614 498 2653 quae
527 2601 708 2643 Cherusci
743 2603 978 2652 insederant,
1015 2605 1195 2642 ascensis.
1258 2603 1312 2643 At
1346 2605 1405 2654 qui
1445 2607 1595 2654 poterat
1621 2606 1685 2645 ille
1713 2620 1791 2647 cum
1820 2609 2006 2661 equitibus
2032 2608 2123 2655 iuga
2152 2606 2217 2645 illa
