2452 3445
1048 176 1442 219 ...ξω-.-

263 304 403 354 populo
428 302 615 350 Romano,
653 310 759 350 quam
796 298 1002 337 Germanos
1037 310 1105 337 nec
1139 300 1285 349 impune
1318 309 1341 335 a
1379 297 1426 337 C.
1464 298 1584 337 Mario
1622 299 1657 336 in
1693 298 1823 347 ltalia,
1861 311 1883 337 a
1906 299 2008 337 Divo
2045 298 2136 337 lulio
2172 302 2208 338 in

262 366 396 414 Gallia,
417 377 438 402 a
458 364 605 414 Druso,
624 376 647 403 a
666 363 841 411 Tiberio,
859 373 881 400 a
899 361 1118 402 Germanico
1136 364 1172 401 in
1190 364 1269 401 suis
1284 362 1437 401 sedibus
1458 362 1699 412 perturbatos
1717 374 1803 402 esse
1816 363 2019 403 Germanos
2035 362 2210 414 belloque

260 442 329 468 eos
347 429 492 467 Batavo
523 428 650 466 clades
676 426 845 464 intulisse
865 425 1040 464 Romanis
1066 430 1139 466 tam
1164 428 1354 475 insignes,
1383 429 1424 464 ut
1440 438 1559 476 paene
1579 430 1785 465 everterint
1805 429 1989 477 imperium
2008 429 2209 467 Romanum

260 491 433 532 civilibus
460 491 656 530 discordiis
679 489 942 528 labefactatum
971 492 1012 530 et
1037 490 1268 529 convulsum.
1323 489 1510 529 Lubenter
1540 491 1657 539 igitur
1684 491 1791 530 iidem
1819 491 1974 541 praebet
2002 491 2210 531 rumoribus

259 557 322 593 vel
349 557 483 592 nuntiis
510 556 557 591 de
587 554 754 592 cladibus
780 556 853 590 tam
878 555 994 590 feroci
1025 555 1132 600 genti
1159 554 1299 601 illatis,
1327 565 1421 603 quae
1449 554 1482 590 si
1505 565 1576 590 non
1607 554 1715 592 fictae
1743 559 1785 593 at
1807 559 1910 592 certe
1941 557 1975 592 in
2000 558 2118 593 maius
2138 567 2209 593 ce-

258 620 425 659 lebratae
452 621 573 657 erant.
635 617 708 655 lam
734 628 851 666 supra
880 616 1063 665 vidimus,
1103 628 1211 667 quarn
1239 618 1379 655 temere
1407 617 1585 666 narrarit,
1618 617 1819 656 Bructeros
1850 618 1896 656 ad
1925 620 2206 659 internecionem

258 695 412 724 caesos:
449 681 520 722 boc
549 682 655 732 loco,
695 683 735 720 ut
765 679 1028 729 ostendamus,
1065 680 1147 731 quis
1175 679 1238 718 illc
1265 691 1366 719 amor
1392 681 1462 730 sit,
1498 692 1572 733 quo
1600 680 1756 721 Tacitus
1783 682 1989 721 Germanos
2013 683 2206 734 amplexus

258 760 345 787 esse
385 759 503 797 saepe
542 746 699 795 dicitur,
737 744 858 783 verba
885 745 969 794 ipsa
993 745 1198 783 afferamus.
1253 744 1378 783 Germ.
1405 743 1490 784 33.:
1527 769 1557 793 -„
1570 756 1686 794 super
1714 746 1782 784 LX
1807 748 1904 786 milia
1930 748 2202 796 Bructerorum,

256 813 393 864 inquit,
419 823 493 850 non
518 811 629 849 armis
657 810 819 859 telisque
851 808 1049 857 Romanis,
1083 808 1152 847 sed
1172 809 1293 859 quod
1319 809 1726 857 magnificentius
1755 812 1852 858 est,
1877 811 2202 851 oblectationi

256 875 517 926 oculisque
536 870 823 924 [Romanorum]
850 870 1112 911 ceciderunt.“
1141 874 1181 911 et
1199 872 1321 911 addit:
1348 870 1579 922 „Maneat
1607 882 1788 923 quaeso
1815 873 2046 927 duretque
2074 886 2202 924 gen-

255 941 391 979 tibus
423 939 462 976 si
496 948 584 975 non
611 946 741 975 amor
770 937 930 974 nostri
967 938 1015 974 at
1041 938 1181 974 certe
1209 936 1358 973 odium
1386 937 1482 984 sui,
1521 937 1668 985 quando
1693 938 1918 985 urgentibus
1947 940 2089 988 imperii
2115 940 2202 976 fatis

252 1003 340 1042 nihil
367 1004 437 1041 iam
464 1002 661 1051 praestare
680 1000 827 1038 fortuna
864 1001 980 1038 maius
994 1001 1135 1048 potest,
1162 1011 1268 1049 quam
1285 999 1442 1038 bostium
1460 999 1731 1037 discordiam-‘⁴
1768 1000 1908 1038 Eadem
1924 1006 2043 1040 mente
2062 1005 2202 1050 narrat,

251 1066 434 1117 quomodo
452 1063 691 1103 Germanicus
706 1074 778 1102 non
795 1062 914 1102 solum
931 1061 1062 1101 hostes
1079 1061 1284 1111 trucidarit,
1301 1062 1368 1101 sed
1387 1061 1497 1101 etiam
1517 1062 1553 1100 in
1571 1061 1743 1101 mulieres
1762 1063 1923 1103 iurantes
1938 1076 2047 1104 senes
2065 1065 2201 1105 saevi-

251 1130 342 1178 erit,
361 1140 404 1167 ac
422 1130 543 1167 tamen
560 1126 658 1165 Anu.
675 1126 723 1175 ll,
745 1124 812 1165 73.
827 1126 975 1174 magnis
994 1135 1076 1162 eum
1094 1124 1266 1163 laudibus
1282 1124 1390 1162 ell‘ert
1408 1125 1518 1162 etiam
1539 1124 1586 1162 ob
1605 1126 1931 1177 mansuetudinem,
1955 1140 2056 1179 quam
2075 1128 2199 1168 bosti-

252 1194 322 1230 bus
340 1191 584 1242 praestiterit.
599 1190 816 1236 Praeterea,
827 1192 867 1227 ut
882 1190 918 1226 in
935 1189 1138 1227 Germanos
1151 1189 1354 1237 praecipuo
1373 1188 1527 1237 quodam
1547 1191 1645 1226 metu
1664 1191 1704 1226 et
1721 1190 1806 1226 odio
1824 1191 1955 1238 fertur,
1972 1193 2026 1229 sic
2040 1192 2197 1229 Germa-

249 1258 367 1296 nicum
387 1254 589 1306 praecipuo
606 1253 762 1304 quodam
780 1252 1016 1303 amplectitur
1034 1263 1182 1301 amore,
1204 1252 1267 1303 qui
1286 1263 1336 1290 ex
1351 1251 1517 1290 omnibus
1534 1251 1629 1290 locis
1648 1251 1785 1303 elucet,
1811 1254 1944 1304 quibus
1964 1256 2009 1294 de
2026 1268 2071 1295 eo
2090 1268 2195 1296 men-

250 1321 384 1359 tionem
405 1318 509 1357 facit.
562 1317 802 1370 Quapropter
825 1316 1079 1354 lubentissime
1105 1316 1251 1367 accepit
1276 1318 1315 1355 et
1332 1314 1504 1364 tradidit,
1529 1315 1804 1354 formidolosam
1821 1317 1917 1357 illam
1935 1319 2194 1358 Germanorum

249 1386 399 1433 gentem
428 1383 565 1420 victam
593 1392 680 1418 esse
708 1383 748 1418 et
773 1381 909 1418 victam
937 1380 1079 1418 virtute
1095 1379 1335 1425 Germanici,
1360 1390 1430 1417 nec
1456 1389 1501 1415 ca
1527 1390 1598 1428 qua
1628 1380 1788 1419 decebat
1814 1393 1901 1419 cura
1927 1384 2118 1433 quaesivit
2147 1384 2194 1421 de

246 1461 366 1487 rerum
394 1447 568 1484 veritate.
620 1444 730 1483 lmmo
757 1443 855 1483 haud
882 1444 961 1482 scio
992 1455 1038 1481 an
1062 1444 1170 1482 nefas
1199 1444 1361 1492 duxerit,
1385 1454 1482 1494 quae
1505 1441 1745 1483 Germanicus
1771 1444 1855 1494 ipse
1881 1445 1928 1484 de
1956 1458 1998 1485 se
2023 1458 2189 1497 quaeque

247 1510 386 1550 Plinius
423 1520 474 1548 ex
504 1508 641 1547 litteris
676 1507 906 1558 potissimum
936 1505 1143 1545 Germanici
1179 1506 1313 1546 hausta
1346 1506 1560 1555 tradiderit,
1599 1506 1635 1543 in
1665 1506 1811 1546 dubium
1834 1520 1983 1548 vocare,
2033 1508 2190 1560 Insuper

247 1586 354 1625 quam
387 1573 451 1610 ille
489 1572 616 1619 legem
654 1571 764 1608 etiam
799 1571 835 1607 in
857 1570 941 1608 aliis
968 1570 1081 1607 rebus
1108 1570 1297 1608 tradendis
1326 1573 1479 1608 secutus
1507 1571 1577 1617 sit,
1612 1570 1696 1618 ipse
1723 1572 1886 1609 ostendit
1911 1572 2007 1610 Hist.
2034 1572 2090 1618 11,
2124 1571 2190 1609 50.

244 1637 301 1675 bis
326 1636 456 1674 verbis
494 1637 570 1683 „ut
596 1635 813 1684 conquirere
836 1633 1010 1672 fabulosa
1038 1636 1079 1672 et
1104 1634 1201 1673 lictis
1234 1634 1422 1673 oblectare
1449 1632 1653 1679 legentium
1677 1635 1818 1672 animos
1845 1634 1972 1684 procul
1999 1635 2190 1682 gravitate

243 1700 368 1750 coepti
387 1698 514 1749 operis
532 1697 773 1736 crediderim:
802 1697 871 1735 ita
897 1696 1133 1745 vulgatis
1164 1698 1468 1747 traditisque
1497 1695 1690 1734 demere
1719 1698 1862 1736 sidem
1887 1709 1973 1736 non
1996 1698 2189 1736 ausim.“

366 1763 417 1801 Et
450 1765 571 1800 tamen
596 1761 709 1798 demit
735 1761 864 1798 fidem:
900 1772 981 1799 narn
1011 1773 1228 1812 quamquam
1258 1774 1362 1799 suum
1388 1760 1514 1807 duxit,
1555 1771 1796 1812 quaecunque
1826 1763 2032 1799 invenisset
2057 1773 2079 1798 a
2104 1773 2186 1798 ma-

241 1828 382 1866 ioribus
410 1825 569 1873 tradita,
603 1824 711 1862 modo
740 1824 856 1872 digna
881 1828 1012 1864 essent
1039 1828 1259 1874 memoratu,
1300 1825 1336 1862 in
1363 1824 1531 1863 Annales
1557 1824 1728 1872 recipere
1759 1827 1861 1863 ratus
1888 1836 1961 1863 non
1990 1836 2040 1862 ex
2065 1836 2184 1862 rerum

244 1890 441 1941 scriptoris
468 1888 621 1928 arbitrio
649 1888 837 1939 pendere,
864 1889 929 1927 aut
955 1889 1126 1939 recipere
1155 1890 1219 1927 aut
1246 1888 1402 1927 reiicere
1428 1899 1669 1938 quaecuuque
1697 1887 1778 1937 ipse
1806 1892 1870 1926 aut
1894 1900 1987 1927 vera
2006 1890 2069 1927 aut
2086 1887 2182 1926 l'alsa

245 1955 437 1992 duxisset:
473 1955 595 1990 tamen
631 1964 653 1990 a
692 1963 736 1989 se
770 1953 970 2000 impetrare
1006 1964 1079 1990 non
1118 1955 1267 2002 potest,
1302 1955 1343 1990 ut
1377 1953 1487 1990 etiam
1523 1952 1753 1998 gravissimo
1786 1952 1884 1989 hosti
1918 1955 2024 2001 parta
2049 1953 2183 1999 insigni

238 2018 380 2056 virtute
410 2015 547 2053 decora
572 2014 759 2053 fallaciter
784 2013 949 2053 subtrahi
975 2016 1150 2064 patiatur.

363 2078 477 2132 Quam
507 2077 663 2117 Tacitus
699 2078 915 2128 conceperit
950 2078 997 2117 de
1034 2078 1203 2119 cladibus
1243 2079 1289 2117 ab
1318 2078 1484 2118 Arminio
1513 2081 1578 2118 aut
1605 2078 1772 2129 acceptis
1799 2080 1863 2117 aut
1888 2078 2001 2116 illatis
2029 2081 2181 2117 senten-

236 2146 343 2192 tiam,
370 2143 453 2193 ipse
484 2144 616 2192 aperte
646 2142 845 2191 profitetur
874 2143 908 2178 in
937 2142 1035 2179 Ann.
1065 2143 1119 2192 11,
1143 2141 1228 2191 88„
1257 2143 1319 2179 ubi
1345 2142 1438 2180 haec
1465 2143 1648 2190 legimus:

359 2205 571 2255 „Ceterum
598 2206 786 2245 Arminius
823 2207 1112 2246 abscedentibus
1138 2207 1314 2246 Romanis
1345 2209 1385 2245 et
1415 2206 1525 2257 pulso
1552 2205 1782 2245 Maroboduo
1819 2217 1975 2254 regnum
2003 2206 2177 2245 affectans

234 2272 443 2311 libertatem
469 2269 698 2320 popularium
730 2270 928 2308 adversam
954 2271 1082 2310 babuit
1098 2272 1312 2321 petitusque
1332 2272 1462 2320 armis,
1490 2283 1570 2309 cum
1588 2270 1694 2308 varia
1714 2270 1865 2307 fortuna
1882 2273 2063 2318 certaret,
2089 2269 2176 2308 dolo

232 2335 519 2387 propinquorum
547 2333 700 2380 cecidit,
734 2333 981 2372 liberator
1022 2334 1143 2373 haud
1178 2334 1322 2371 dubie
1349 2333 1634 2371 Germaniae
1659 2335 1707 2371 et
1733 2333 1812 2381 qui
1845 2343 1937 2369 non
1965 2334 2174 2381 primor-

235 2400 312 2438 dia
338 2395 505 2447 populi
532 2395 751 2445 Romani,
793 2397 892 2437 sicut
918 2398 981 2436 alii
1009 2409 1126 2446 reges
1152 2397 1378 2447 ducesque,
1397 2397 1482 2435 sed
1509 2396 1909 2435 florentissimum
1932 2395 2171 2444 imperium

230 2459 549 2508 lacessierit,
585 2458 796 2509 proeliis
826 2461 1104 2512 ambiguus,
1135 2461 1265 2500 bello
1293 2471 1384 2499 non
1413 2460 1591 2499 victus.
1645 2460 1800 2509 Septem
1827 2462 1867 2497 et
1883 2460 2035 2508 triginta
2056 2473 2173 2500 annos

230 2528 358 2573 vitae,
396 2521 587 2560 duodecim
609 2524 801 2571 potentiae
833 2525 1008 2574 explevit
1035 2526 1250 2575 caniturque
1278 2523 1398 2561 adbuc
1425 2523 1604 2560 barbaras
1634 2523 1733 2572 apud
1760 2528 1917 2571 gentes,
1953 2523 2170 2562 Gracco-

228 2602 323 2629 rum
358 2584 611 2626 annalibus
655 2586 875 2637 ignotus,
912 2589 988 2639 qui
1027 2599 1110 2626 sua
1136 2590 1313 2626 tantum
1351 2587 1605 2633 mirantur,
1643 2585 1868 2623 Romanis
1897 2584 2017 2623 baud
2047 2597 2170 2634 per-

229 2652 335 2692 inde
361 2649 600 2699 celebris,
626 2650 723 2688 dum
752 2653 928 2690 vetera
952 2652 1252 2699 extollimus,
1280 2650 1538 2688 recentium
1561 2649 1848 2687 incuriosi.“
